{"store": "Real Canadian Superstore", "site_slug": "realcanadiansuperstore", "source_url": "/search?search-bar=milk&page=1", "scrape_ts": "2025-12-20T23:00:05.458359Z", "external_id": "21546818_EA", "name": "Rich & Creamy Egg Nog Chocolate", "brand": "President's Choice", "size_text": "1 l, $0.43/100ml", "price": 4.29, "currency": "CAD", "unit_price": 0.43, "unit_price_uom": "100ml", "image_url": "https://digital.loblaws.ca/PCX/21546818_EA/en/1/21546818_en_front_800.png", "category_path": null, "availability": "in_stock", "raw_source": {"type": "next-data", "data": {"index": 1, "promotions": [], "productId": "21546818_EA", "productImage": [{"imageUrl": "https://digital.loblaws.ca/PCX/21546818_EA/en/1/21546818_en_front_1200.png", "thumbnailUrl": "https://digital.loblaws.ca/PCX/21546818_EA/en/1/21546818_en_front_120.png", "smallUrl": "https://digital.loblaws.ca/PCX/21546818_EA/en/1/21546818_en_front_250.png", "mediumUrl": "https://digital.loblaws.ca/PCX/21546818_EA/en/1/21546818_en_front_400.png", "largeUrl": "https://digital.loblaws.ca/PCX/21546818_EA/en/1/21546818_en_front_800.png", "extraLargeUrl": "https://digital.loblaws.ca/PCX/21546818_EA/en/1/21546818_en_front_1200.png", "smallRetinaUrl": "https://digital.loblaws.ca/PCX/21546818_EA/en/1/21546818_en_front_250.png", "mediumRetinaUrl": "https://digital.loblaws.ca/PCX/21546818_EA/en/1/21546818_en_front_400.png", "largeRetinaUrl": "https://digital.loblaws.ca/PCX/21546818_EA/en/1/21546818_en_front_800.png"}], "brand": "President's Choice", "title": "Rich & Creamy Egg Nog Chocolate", "description": null, "packageSizing": "1 l, $0.43/100ml", "pricing": {"price": "4.29", "wasPrice": null, "displayPrice": "$4.29", "memberOnlyPrice": null, "mopDisplayPrice": null, "ehfTotal": null, "environmentalHandlingFee": null, "taxInfo": ""}, "pricingUnits": {"type": "SOLD_BY_EACH", "unit": "ea", "interval": 1, "minOrderQuantity": 1, "maxOrderQuantity": 25, "weighted": false}, "deal": null, "mopDeal": null, "pcoDeal": null, "inventoryIndicator": null, "offerType": "OG", "offerId": "OG", "action": null, "isVariant": false, "link": "/en/rich-creamy-egg-nog-chocolate/p/21546818_EA", "productVendor": null, "productVariant": null, "textBadge": "", "variantTheme": null, "articleNumber": "21546818", "uom": "EA", "sponsoredCreative": {"adGroupId": "b11b485c-c507-42b3-8493-608e615b1b90", "campaignId": "3e065d08-f75e-48aa-af2b-041d0e140e3a", "placementId": "fdf076c0-aef1-4f4f-8a4b-c9c88ec1f7bb", "encryptedCost": "8K05388/2L36a25xspPY/rVDnpngPp738nApaQ8qkcs=", "creativeId": "179d10f1-6af6-426e-9370-5611c5438dc5", "servingId": "b9ccdb37-74fd-4f54-8c5b-4ab5e2ec9150", "keyword": "milk", "targetedKeyword": "milk", "matchType": "EXACT_MATCH", "targetPageType": "SRP"}, "isSponsored": true, "isComplementarySponsored": false, "complementarySponsoredBadgeText": null, "productBadge": {"badgeId": "SPONSORED", "badgeClass": null, "text": "Sponsored", "icon": null}}}}
{"store": "Real Canadian Superstore", "site_slug": "realcanadiansuperstore", "source_url": "/search?search-bar=milk&page=1", "scrape_ts": "2025-12-20T23:00:05.458359Z", "external_id": "20188873_EA", "name": "2% Milk", "brand": "Neilson", "size_text": "4 l, $0.16/100ml", "price": 6.25, "currency": "CAD", "unit_price": 0.16, "unit_price_uom": "100ml", "image_url": "https://digital.loblaws.ca/PCX/20188873_EA/en/1/20188873_en_front_800.png", "category_path": null, "availability": "in_stock", "raw_source": {"type": "next-data", "data": {"index": 2, "promotions": [], "productId": "20188873_EA", "productImage": [{"imageUrl": "https://digital.loblaws.ca/PCX/20188873_EA/en/1/20188873_en_front_1200.png", "thumbnailUrl": "https://digital.loblaws.ca/PCX/20188873_EA/en/1/20188873_en_front_120.png", "smallUrl": "https://digital.loblaws.ca/PCX/20188873_EA/en/1/20188873_en_front_250.png", "mediumUrl": "https://digital.loblaws.ca/PCX/20188873_EA/en/1/20188873_en_front_400.png", "largeUrl": "https://digital.loblaws.ca/PCX/20188873_EA/en/1/20188873_en_front_800.png", "extraLargeUrl": "https://digital.loblaws.ca/PCX/20188873_EA/en/1/20188873_en_front_1200.png", "smallRetinaUrl": "https://digital.loblaws.ca/PCX/20188873_EA/en/1/20188873_en_front_250.png", "mediumRetinaUrl": "https://digital.loblaws.ca/PCX/20188873_EA/en/1/20188873_en_front_400.png", "largeRetinaUrl": "https://digital.loblaws.ca/PCX/20188873_EA/en/1/20188873_en_front_800.png"}], "brand": "Neilson", "title": "2% Milk", "description": "Fresh, wholesome milk… naturally from Neilson.Since 1893, Neilson has stood for high quality dairy products. Neilson has always been committed to using the best ingredients, people and processes to produce great tasting quality milk you can depend on. Always fresh, always delicious and always an excellent source of calcium, protein and vitamin D.", "packageSizing": "4 l, $0.16/100ml", "pricing": {"price": "6.25", "wasPrice": null, "displayPrice": "$6.25", "memberOnlyPrice": null, "mopDisplayPrice": null, "ehfTotal": null, "environmentalHandlingFee": null, "taxInfo": ""}, "pricingUnits": {"type": "SOLD_BY_EACH", "unit": "ea", "interval": 1, "minOrderQuantity": 1, "maxOrderQuantity": 24, "weighted": false}, "deal": null, "mopDeal": null, "pcoDeal": null, "inventoryIndicator": null, "offerType": "OG", "offerId": "OG", "action": null, "isVariant": false, "link": "/en/2-milk/p/20188873_EA", "productVendor": null, "productVariant": null, "textBadge": "", "variantTheme": null, "articleNumber": "20188873", "uom": "EA", "sponsoredCreative": null, "isSponsored": false, "isComplementarySponsored": false, "complementarySponsoredBadgeText": null, "productBadge": {"badgeId": "PREPARED_IN_CANADA", "badgeClass": "badge11", "text": "Prepared in Canada", "icon": {"url": "https://dis-prod.assetful.loblaw.ca/content/dam/loblaw-companies-limited/creative-assets/pc-optimum/global-list/maple-leaf-red.png", "altText": "", "placement": "LEFT"}}}}}
{"store": "Real Canadian Superstore", "site_slug": "realcanadiansuperstore", "source_url": "/search?search-bar=milk&page=1", "scrape_ts": "2025-12-20T23:00:05.458359Z", "external_id": "20104019_EA", "name": "The World’s Best Egg Nog", "brand": "President's Choice", "size_text": "1 l, $0.36/100ml", "price": 3.59, "currency": "CAD", "unit_price": 0.36, "unit_price_uom": "100ml", "image_url": "https://digital.loblaws.ca/PCX/20104019_EA/en/1/6038303376_en_front_centre_marketing_GS1_Ecommerce_800.png", "category_path": null, "availability": "in_stock", "raw_source": {"type": "next-data", "data": {"index": 3, "promotions": [], "productId": "20104019_EA", "productImage": [{"imageUrl": "https://digital.loblaws.ca/PCX/20104019_EA/en/1/6038303376_en_front_centre_marketing_GS1_Ecommerce_1200.png", "thumbnailUrl": "https://digital.loblaws.ca/PCX/20104019_EA/en/1/6038303376_en_front_centre_marketing_GS1_Ecommerce_120.png", "smallUrl": "https://digital.loblaws.ca/PCX/20104019_EA/en/1/6038303376_en_front_centre_marketing_GS1_Ecommerce_250.png", "mediumUrl": "https://digital.loblaws.ca/PCX/20104019_EA/en/1/6038303376_en_front_centre_marketing_GS1_Ecommerce_400.png", "largeUrl": "https://digital.loblaws.ca/PCX/20104019_EA/en/1/6038303376_en_front_centre_marketing_GS1_Ecommerce_800.png", "extraLargeUrl": "https://digital.loblaws.ca/PCX/20104019_EA/en/1/6038303376_en_front_centre_marketing_GS1_Ecommerce_1200.png", "smallRetinaUrl": "https://digital.loblaws.ca/PCX/20104019_EA/en/1/6038303376_en_front_centre_marketing_GS1_Ecommerce_250.png", "mediumRetinaUrl": "https://digital.loblaws.ca/PCX/20104019_EA/en/1/6038303376_en_front_centre_marketing_GS1_Ecommerce_400.png", "largeRetinaUrl": "https://digital.loblaws.ca/PCX/20104019_EA/en/1/6038303376_en_front_centre_marketing_GS1_Ecommerce_800.png"}], "brand": "President's Choice", "title": "The World’s Best Egg Nog", "description": "Nothing says “the holidays are here” like the arrival of egg nog. Available solely at this time of year, we made ours to be a rich and luxurious taste of the festive season. It’s got a dash of nutmeg and touch of rum swirled into the rich and creamy mix – the way egg nog is meant to taste. Sip some chilled as-is, or spiked with a splash of brandy, bourbon or rum. Jazz up your morning routine, pouring in place of your usual coffee creamer.  ", "packageSizing": "1 l, $0.36/100ml", "pricing": {"price": "3.59", "wasPrice": null, "displayPrice": "$3.59", "memberOnlyPrice": null, "mopDisplayPrice": null, "ehfTotal": null, "environmentalHandlingFee": null, "taxInfo": ""}, "pricingUnits": {"type": "SOLD_BY_EACH", "unit": "ea", "interval": 1, "minOrderQuantity": 1, "maxOrderQuantity": 24, "weighted": false}, "deal": null, "mopDeal": null, "pcoDeal": null, "inventoryIndicator": null, "offerType": "OG", "offerId": "OG", "action": null, "isVariant": false, "link": "/en/the-world-s-best-egg-nog/p/20104019_EA", "productVendor": null, "productVariant": null, "textBadge": "", "variantTheme": null, "articleNumber": "20104019", "uom": "EA", "sponsoredCreative": {"adGroupId": "b11b485c-c507-42b3-8493-608e615b1b90", "campaignId": "3e065d08-f75e-48aa-af2b-041d0e140e3a", "placementId": "fdf076c0-aef1-4f4f-8a4b-c9c88ec1f7bb", "encryptedCost": "WjH7nC1GJ0cPECB1FQlcbOwmOVPpJtX+h5Jy+sgJbJk=", "creativeId": "75ed1414-62a5-4801-b6e1-aadcde99445c", "servingId": "b9ccdb37-74fd-4f54-8c5b-4ab5e2ec9150", "keyword": "milk", "targetedKeyword": "milk", "matchType": "EXACT_MATCH", "targetPageType": "SRP"}, "isSponsored": true, "isComplementarySponsored": false, "complementarySponsoredBadgeText": null, "productBadge": {"badgeId": "SPONSORED", "badgeClass": null, "text": "Sponsored", "icon": null}}}}
{"store": "Real Canadian Superstore", "site_slug": "realcanadiansuperstore", "source_url": "/search?search-bar=milk&page=1", "scrape_ts": "2025-12-20T23:00:05.458359Z", "external_id": "21546822_EA", "name": "Rich & Creamy Egg Nog, Candy Cane", "brand": "President's Choice", "size_text": "1 l, $0.43/100ml", "price": 4.29, "currency": "CAD", "unit_price": 0.43, "unit_price_uom": "100ml", "image_url": "https://digital.loblaws.ca/PCX/21546822_EA/en/1/21546822_en_front_v1_800.png", "category_path": null, "availability": "in_stock", "raw_source": {"type": "next-data", "data": {"index": 4, "promotions": [], "productId": "21546822_EA", "productImage": [{"imageUrl": "https://digital.loblaws.ca/PCX/21546822_EA/en/1/21546822_en_front_v1_1200.png", "thumbnailUrl": "https://digital.loblaws.ca/PCX/21546822_EA/en/1/21546822_en_front_v1_120.png", "smallUrl": "https://digital.loblaws.ca/PCX/21546822_EA/en/1/21546822_en_front_v1_250.png", "mediumUrl": "https://digital.loblaws.ca/PCX/21546822_EA/en/1/21546822_en_front_v1_400.png", "largeUrl": "https://digital.loblaws.ca/PCX/21546822_EA/en/1/21546822_en_front_v1_800.png", "extraLargeUrl": "https://digital.loblaws.ca/PCX/21546822_EA/en/1/21546822_en_front_v1_1200.png", "smallRetinaUrl": "https://digital.loblaws.ca/PCX/21546822_EA/en/1/21546822_en_front_v1_250.png", "mediumRetinaUrl": "https://digital.loblaws.ca/PCX/21546822_EA/en/1/21546822_en_front_v1_400.png", "largeRetinaUrl": "https://digital.loblaws.ca/PCX/21546822_EA/en/1/21546822_en_front_v1_800.png"}], "brand": "President's Choice", "title": "Rich & Creamy Egg Nog, Candy Cane", "description": null, "packageSizing": "1 l, $0.43/100ml", "pricing": {"price": "4.29", "wasPrice": null, "displayPrice": "$4.29", "memberOnlyPrice": null, "mopDisplayPrice": null, "ehfTotal": null, "environmentalHandlingFee": null, "taxInfo": ""}, "pricingUnits": {"type": "SOLD_BY_EACH", "unit": "ea", "interval": 1, "minOrderQuantity": 1, "maxOrderQuantity": 25, "weighted": false}, "deal": null, "mopDeal": null, "pcoDeal": null, "inventoryIndicator": null, "offerType": "OG", "offerId": "OG", "action": null, "isVariant": false, "link": "/en/rich-creamy-egg-nog-candy-cane/p/21546822_EA", "productVendor": null, "productVariant": null, "textBadge": "", "variantTheme": null, "articleNumber": "21546822", "uom": "EA", "sponsoredCreative": {"adGroupId": "b11b485c-c507-42b3-8493-608e615b1b90", "campaignId": "3e065d08-f75e-48aa-af2b-041d0e140e3a", "placementId": "fdf076c0-aef1-4f4f-8a4b-c9c88ec1f7bb", "encryptedCost": "MhcfTr/ywqSXsrT/njMcwL4F37d/PNh13Q/d8xWlxk8=", "creativeId": "a12cc71d-69c1-4ba5-a6be-0cea7ea83a55", "servingId": "b9ccdb37-74fd-4f54-8c5b-4ab5e2ec9150", "keyword": "milk", "targetedKeyword": "milk", "matchType": "EXACT_MATCH", "targetPageType": "SRP"}, "isSponsored": true, "isComplementarySponsored": false, "complementarySponsoredBadgeText": null, "productBadge": {"badgeId": "SPONSORED", "badgeClass": null, "text": "Sponsored", "icon": null}}}}
{"store": "Real Canadian Superstore", "site_slug": "realcanadiansuperstore", "source_url": "/search?search-bar=milk&page=1", "scrape_ts": "2025-12-20T23:00:05.458359Z", "external_id": "20148677_EA", "name": "2% Microfiltered Milk", "brand": "Neilson", "size_text": "4 l, $0.17/100ml", "price": 6.88, "currency": "CAD", "unit_price": 0.17, "unit_price_uom": "100ml", "image_url": "https://digital.loblaws.ca/PCX/20148677_EA/en/1/20148677_en_front_v1_800.png", "category_path": null, "availability": "in_stock", "raw_source": {"type": "next-data", "data": {"index": 5, "promotions": [], "productId": "20148677_EA", "productImage": [{"imageUrl": "https://digital.loblaws.ca/PCX/20148677_EA/en/1/20148677_en_front_v1_1200.png", "thumbnailUrl": "https://digital.loblaws.ca/PCX/20148677_EA/en/1/20148677_en_front_v1_120.png", "smallUrl": "https://digital.loblaws.ca/PCX/20148677_EA/en/1/20148677_en_front_v1_250.png", "mediumUrl": "https://digital.loblaws.ca/PCX/20148677_EA/en/1/20148677_en_front_v1_400.png", "largeUrl": "https://digital.loblaws.ca/PCX/20148677_EA/en/1/20148677_en_front_v1_800.png", "extraLargeUrl": "https://digital.loblaws.ca/PCX/20148677_EA/en/1/20148677_en_front_v1_1200.png", "smallRetinaUrl": "https://digital.loblaws.ca/PCX/20148677_EA/en/1/20148677_en_front_v1_250.png", "mediumRetinaUrl": "https://digital.loblaws.ca/PCX/20148677_EA/en/1/20148677_en_front_v1_400.png", "largeRetinaUrl": "https://digital.loblaws.ca/PCX/20148677_EA/en/1/20148677_en_front_v1_800.png"}], "brand": "Neilson", "title": "2% Microfiltered Milk", "description": "Fresh, wholesome milk… naturally from Neilson.Since 1893, Neilson has stood for high quality dairy products. Neilson has always been committed to using the best ingredients, people and processes to produce great tasting quality milk you can depend on. Always fresh, always delicious and always an excellent source of calcium, protein and vitamin D.", "packageSizing": "4 l, $0.17/100ml", "pricing": {"price": "6.88", "wasPrice": null, "displayPrice": "$6.88", "memberOnlyPrice": null, "mopDisplayPrice": null, "ehfTotal": null, "environmentalHandlingFee": null, "taxInfo": ""}, "pricingUnits": {"type": "SOLD_BY_EACH", "unit": "ea", "interval": 1, "minOrderQuantity": 1, "maxOrderQuantity": 24, "weighted": false}, "deal": null, "mopDeal": null, "pcoDeal": null, "inventoryIndicator": null, "offerType": "OG", "offerId": "OG", "action": null, "isVariant": false, "link": "/en/2-microfiltered-milk/p/20148677_EA", "productVendor": null, "productVariant": null, "textBadge": "", "variantTheme": null, "articleNumber": "20148677", "uom": "EA", "sponsoredCreative": null, "isSponsored": false, "isComplementarySponsored": false, "complementarySponsoredBadgeText": null, "productBadge": {"badgeId": "PREPARED_IN_CANADA", "badgeClass": "badge11", "text": "Prepared in Canada", "icon": {"url": "https://dis-prod.assetful.loblaw.ca/content/dam/loblaw-companies-limited/creative-assets/pc-optimum/global-list/maple-leaf-red.png", "altText": "", "placement": "LEFT"}}}}}
{"store": "Real Canadian Superstore", "site_slug": "realcanadiansuperstore", "source_url": "/search?search-bar=milk&page=1", "scrape_ts": "2025-12-20T23:00:05.458359Z", "external_id": "21546828_EA", "name": "Rich & Creamy Egg Nog Original", "brand": "President's Choice", "size_text": "1 l, $0.43/100ml", "price": 4.29, "currency": "CAD", "unit_price": 0.43, "unit_price_uom": "100ml", "image_url": "https://digital.loblaws.ca/PCX/21546828_EA/en/1/21546828_en_front_800.png", "category_path": null, "availability": "in_stock", "raw_source": {"type": "next-data", "data": {"index": 6, "promotions": [], "productId": "21546828_EA", "productImage": [{"imageUrl": "https://digital.loblaws.ca/PCX/21546828_EA/en/1/21546828_en_front_1200.png", "thumbnailUrl": "https://digital.loblaws.ca/PCX/21546828_EA/en/1/21546828_en_front_120.png", "smallUrl": "https://digital.loblaws.ca/PCX/21546828_EA/en/1/21546828_en_front_250.png", "mediumUrl": "https://digital.loblaws.ca/PCX/21546828_EA/en/1/21546828_en_front_400.png", "largeUrl": "https://digital.loblaws.ca/PCX/21546828_EA/en/1/21546828_en_front_800.png", "extraLargeUrl": "https://digital.loblaws.ca/PCX/21546828_EA/en/1/21546828_en_front_1200.png", "smallRetinaUrl": "https://digital.loblaws.ca/PCX/21546828_EA/en/1/21546828_en_front_250.png", "mediumRetinaUrl": "https://digital.loblaws.ca/PCX/21546828_EA/en/1/21546828_en_front_400.png", "largeRetinaUrl": "https://digital.loblaws.ca/PCX/21546828_EA/en/1/21546828_en_front_800.png"}], "brand": "President's Choice", "title": "Rich & Creamy Egg Nog Original", "description": null, "packageSizing": "1 l, $0.43/100ml", "pricing": {"price": "4.29", "wasPrice": null, "displayPrice": "$4.29", "memberOnlyPrice": null, "mopDisplayPrice": null, "ehfTotal": null, "environmentalHandlingFee": null, "taxInfo": ""}, "pricingUnits": {"type": "SOLD_BY_EACH", "unit": "ea", "interval": 1, "minOrderQuantity": 1, "maxOrderQuantity": 25, "weighted": false}, "deal": null, "mopDeal": null, "pcoDeal": null, "inventoryIndicator": null, "offerType": "OG", "offerId": "OG", "action": null, "isVariant": false, "link": "/en/rich-creamy-egg-nog-original/p/21546828_EA", "productVendor": null, "productVariant": null, "textBadge": "", "variantTheme": null, "articleNumber": "21546828", "uom": "EA", "sponsoredCreative": {"adGroupId": "b11b485c-c507-42b3-8493-608e615b1b90", "campaignId": "3e065d08-f75e-48aa-af2b-041d0e140e3a", "placementId": "fdf076c0-aef1-4f4f-8a4b-c9c88ec1f7bb", "encryptedCost": "nAREb4ofo6xb+Gl76ReF8VisnlRUuJmhtNW06lgYZsE=", "creativeId": "8d96a638-3476-4fc6-925c-1983ffb5724a", "servingId": "b9ccdb37-74fd-4f54-8c5b-4ab5e2ec9150", "keyword": "milk", "targetedKeyword": "milk", "matchType": "EXACT_MATCH", "targetPageType": "SRP"}, "isSponsored": true, "isComplementarySponsored": false, "complementarySponsoredBadgeText": null, "productBadge": {"badgeId": "SPONSORED", "badgeClass": null, "text": "Sponsored", "icon": null}}}}
{"store": "Real Canadian Superstore", "site_slug": "realcanadiansuperstore", "source_url": "/search?search-bar=milk&page=1", "scrape_ts": "2025-12-20T23:00:05.458359Z", "external_id": "20047439_EA", "name": "1% Milk", "brand": "Neilson", "size_text": "4 l, $0.16/100ml", "price": 6.25, "currency": "CAD", "unit_price": 0.16, "unit_price_uom": "100ml", "image_url": "https://digital.loblaws.ca/PCX/20047439_EA/en/1/20047439_en_front_800.png", "category_path": null, "availability": "in_stock", "raw_source": {"type": "next-data", "data": {"index": 7, "promotions": [], "productId": "20047439_EA", "productImage": [{"imageUrl": "https://digital.loblaws.ca/PCX/20047439_EA/en/1/20047439_en_front_1200.png", "thumbnailUrl": "https://digital.loblaws.ca/PCX/20047439_EA/en/1/20047439_en_front_120.png", "smallUrl": "https://digital.loblaws.ca/PCX/20047439_EA/en/1/20047439_en_front_250.png", "mediumUrl": "https://digital.loblaws.ca/PCX/20047439_EA/en/1/20047439_en_front_400.png", "largeUrl": "https://digital.loblaws.ca/PCX/20047439_EA/en/1/20047439_en_front_800.png", "extraLargeUrl": "https://digital.loblaws.ca/PCX/20047439_EA/en/1/20047439_en_front_1200.png", "smallRetinaUrl": "https://digital.loblaws.ca/PCX/20047439_EA/en/1/20047439_en_front_250.png", "mediumRetinaUrl": "https://digital.loblaws.ca/PCX/20047439_EA/en/1/20047439_en_front_400.png", "largeRetinaUrl": "https://digital.loblaws.ca/PCX/20047439_EA/en/1/20047439_en_front_800.png"}], "brand": "Neilson", "title": "1% Milk", "description": "Fresh, wholesome milk… naturally from Neilson.Since 1893, Neilson has stood for high quality dairy products. Neilson has always been committed to using the best ingredients, people and processes to produce great tasting quality milk you can depend on. Always fresh, always delicious and always an excellent source of calcium, protein and vitamin D.", "packageSizing": "4 l, $0.16/100ml", "pricing": {"price": "6.25", "wasPrice": null, "displayPrice": "$6.25", "memberOnlyPrice": null, "mopDisplayPrice": null, "ehfTotal": null, "environmentalHandlingFee": null, "taxInfo": ""}, "pricingUnits": {"type": "SOLD_BY_EACH", "unit": "ea", "interval": 1, "minOrderQuantity": 1, "maxOrderQuantity": 24, "weighted": false}, "deal": null, "mopDeal": null, "pcoDeal": null, "inventoryIndicator": null, "offerType": "OG", "offerId": "OG", "action": null, "isVariant": false, "link": "/en/1-milk/p/20047439_EA", "productVendor": null, "productVariant": null, "textBadge": "", "variantTheme": null, "articleNumber": "20047439", "uom": "EA", "sponsoredCreative": null, "isSponsored": false, "isComplementarySponsored": false, "complementarySponsoredBadgeText": null, "productBadge": {"badgeId": "PREPARED_IN_CANADA", "badgeClass": "badge11", "text": "Prepared in Canada", "icon": {"url": "https://dis-prod.assetful.loblaw.ca/content/dam/loblaw-companies-limited/creative-assets/pc-optimum/global-list/maple-leaf-red.png", "altText": "", "placement": "LEFT"}}}}}
{"store": "Real Canadian Superstore", "site_slug": "realcanadiansuperstore", "source_url": "/search?search-bar=milk&page=1", "scrape_ts": "2025-12-20T23:00:05.458359Z", "external_id": "20160571_EA", "name": "3.25% Homogenized Milk", "brand": "Neilson", "size_text": "4 l, $0.18/100ml", "price": 7.25, "currency": "CAD", "unit_price": 0.18, "unit_price_uom": "100ml", "image_url": "https://digital.loblaws.ca/PCX/20160571_EA/en/1/20160571_en_front_800.png", "category_path": null, "availability": "in_stock", "raw_source": {"type": "next-data", "data": {"index": 8, "promotions": [], "productId": "20160571_EA", "productImage": [{"imageUrl": "https://digital.loblaws.ca/PCX/20160571_EA/en/1/20160571_en_front_1200.png", "thumbnailUrl": "https://digital.loblaws.ca/PCX/20160571_EA/en/1/20160571_en_front_120.png", "smallUrl": "https://digital.loblaws.ca/PCX/20160571_EA/en/1/20160571_en_front_250.png", "mediumUrl": "https://digital.loblaws.ca/PCX/20160571_EA/en/1/20160571_en_front_400.png", "largeUrl": "https://digital.loblaws.ca/PCX/20160571_EA/en/1/20160571_en_front_800.png", "extraLargeUrl": "https://digital.loblaws.ca/PCX/20160571_EA/en/1/20160571_en_front_1200.png", "smallRetinaUrl": "https://digital.loblaws.ca/PCX/20160571_EA/en/1/20160571_en_front_250.png", "mediumRetinaUrl": "https://digital.loblaws.ca/PCX/20160571_EA/en/1/20160571_en_front_400.png", "largeRetinaUrl": "https://digital.loblaws.ca/PCX/20160571_EA/en/1/20160571_en_front_800.png"}], "brand": "Neilson", "title": "3.25% Homogenized Milk", "description": "Fresh, wholesome milk… naturally from Neilson.Since 1893, Neilson has stood for high quality dairy products. Neilson has always been committed to using the best ingredients, people and processes to produce great tasting quality milk you can depend on. Always fresh, always delicious and always an excellent source of calcium, protein and vitamin D.", "packageSizing": "4 l, $0.18/100ml", "pricing": {"price": "7.25", "wasPrice": null, "displayPrice": "$7.25", "memberOnlyPrice": null, "mopDisplayPrice": null, "ehfTotal": null, "environmentalHandlingFee": null, "taxInfo": ""}, "pricingUnits": {"type": "SOLD_BY_EACH", "unit": "ea", "interval": 1, "minOrderQuantity": 1, "maxOrderQuantity": 24, "weighted": false}, "deal": null, "mopDeal": null, "pcoDeal": null, "inventoryIndicator": null, "offerType": "OG", "offerId": "OG", "action": null, "isVariant": false, "link": "/en/3-25-homogenized-milk/p/20160571_EA", "productVendor": null, "productVariant": null, "textBadge": "", "variantTheme": null, "articleNumber": "20160571", "uom": "EA", "sponsoredCreative": null, "isSponsored": false, "isComplementarySponsored": false, "complementarySponsoredBadgeText": null, "productBadge": {"badgeId": "PREPARED_IN_CANADA", "badgeClass": "badge11", "text": "Prepared in Canada", "icon": {"url": "https://dis-prod.assetful.loblaw.ca/content/dam/loblaw-companies-limited/creative-assets/pc-optimum/global-list/maple-leaf-red.png", "altText": "", "placement": "LEFT"}}}}}
{"store": "Real Canadian Superstore", "site_slug": "realcanadiansuperstore", "source_url": "/search?search-bar=milk&page=1", "scrape_ts": "2025-12-20T23:00:05.458359Z", "external_id": "20130270_EA", "name": "2% Microfiltered Milk", "brand": "Neilson", "size_text": "2 l, $0.28/100ml", "price": 5.69, "currency": "CAD", "unit_price": 0.28, "unit_price_uom": "100ml", "image_url": "https://digital.loblaws.ca/PCX/20130270_EA/en/1/20130270_en_front_800.png", "category_path": null, "availability": "in_stock", "raw_source": {"type": "next-data", "data": {"index": 9, "promotions": [], "productId": "20130270_EA", "productImage": [{"imageUrl": "https://digital.loblaws.ca/PCX/20130270_EA/en/1/20130270_en_front_1200.png", "thumbnailUrl": "https://digital.loblaws.ca/PCX/20130270_EA/en/1/20130270_en_front_120.png", "smallUrl": "https://digital.loblaws.ca/PCX/20130270_EA/en/1/20130270_en_front_250.png", "mediumUrl": "https://digital.loblaws.ca/PCX/20130270_EA/en/1/20130270_en_front_400.png", "largeUrl": "https://digital.loblaws.ca/PCX/20130270_EA/en/1/20130270_en_front_800.png", "extraLargeUrl": "https://digital.loblaws.ca/PCX/20130270_EA/en/1/20130270_en_front_1200.png", "smallRetinaUrl": "https://digital.loblaws.ca/PCX/20130270_EA/en/1/20130270_en_front_250.png", "mediumRetinaUrl": "https://digital.loblaws.ca/PCX/20130270_EA/en/1/20130270_en_front_400.png", "largeRetinaUrl": "https://digital.loblaws.ca/PCX/20130270_EA/en/1/20130270_en_front_800.png"}], "brand": "Neilson", "title": "2% Microfiltered Milk", "description": "Fresh, wholesome milk… naturally from Neilson.Since 1893, Neilson has stood for high quality dairy products. Neilson has always been committed to using the best ingredients, people and processes to produce great tasting quality milk you can depend on. Always fresh, always delicious and always an excellent source of calcium, protein and vitamin D.", "packageSizing": "2 l, $0.28/100ml", "pricing": {"price": "5.69", "wasPrice": null, "displayPrice": "$5.69", "memberOnlyPrice": null, "mopDisplayPrice": null, "ehfTotal": null, "environmentalHandlingFee": null, "taxInfo": ""}, "pricingUnits": {"type": "SOLD_BY_EACH", "unit": "ea", "interval": 1, "minOrderQuantity": 1, "maxOrderQuantity": 24, "weighted": false}, "deal": null, "mopDeal": null, "pcoDeal": null, "inventoryIndicator": null, "offerType": "OG", "offerId": "OG", "action": null, "isVariant": false, "link": "/en/2-microfiltered-milk/p/20130270_EA", "productVendor": null, "productVariant": null, "textBadge": "", "variantTheme": null, "articleNumber": "20130270", "uom": "EA", "sponsoredCreative": null, "isSponsored": false, "isComplementarySponsored": false, "complementarySponsoredBadgeText": null, "productBadge": {"badgeId": "PREPARED_IN_CANADA", "badgeClass": "badge11", "text": "Prepared in Canada", "icon": {"url": "https://dis-prod.assetful.loblaw.ca/content/dam/loblaw-companies-limited/creative-assets/pc-optimum/global-list/maple-leaf-red.png", "altText": "", "placement": "LEFT"}}}}}
{"store": "Real Canadian Superstore", "site_slug": "realcanadiansuperstore", "source_url": "/search?search-bar=milk&page=1", "scrape_ts": "2025-12-20T23:00:05.458359Z", "external_id": "20136554_EA", "name": "1% Microfiltered Milk", "brand": "Neilson", "size_text": "4 l, $0.17/100ml", "price": 6.88, "currency": "CAD", "unit_price": 0.17, "unit_price_uom": "100ml", "image_url": "https://digital.loblaws.ca/PCX/20136554_EA/en/1/20136554_en_front_v1_800.png", "category_path": null, "availability": "in_stock", "raw_source": {"type": "next-data", "data": {"index": 10, "promotions": [], "productId": "20136554_EA", "productImage": [{"imageUrl": "https://digital.loblaws.ca/PCX/20136554_EA/en/1/20136554_en_front_v1_1200.png", "thumbnailUrl": "https://digital.loblaws.ca/PCX/20136554_EA/en/1/20136554_en_front_v1_120.png", "smallUrl": "https://digital.loblaws.ca/PCX/20136554_EA/en/1/20136554_en_front_v1_250.png", "mediumUrl": "https://digital.loblaws.ca/PCX/20136554_EA/en/1/20136554_en_front_v1_400.png", "largeUrl": "https://digital.loblaws.ca/PCX/20136554_EA/en/1/20136554_en_front_v1_800.png", "extraLargeUrl": "https://digital.loblaws.ca/PCX/20136554_EA/en/1/20136554_en_front_v1_1200.png", "smallRetinaUrl": "https://digital.loblaws.ca/PCX/20136554_EA/en/1/20136554_en_front_v1_250.png", "mediumRetinaUrl": "https://digital.loblaws.ca/PCX/20136554_EA/en/1/20136554_en_front_v1_400.png", "largeRetinaUrl": "https://digital.loblaws.ca/PCX/20136554_EA/en/1/20136554_en_front_v1_800.png"}], "brand": "Neilson", "title": "1% Microfiltered Milk", "description": "Fresh, wholesome milk… naturally from Neilson.Since 1893, Neilson has stood for high quality dairy products. Neilson has always been committed to using the best ingredients, people and processes to produce great tasting quality milk you can depend on. Always fresh, always delicious and always an excellent source of calcium, protein and vitamin D.", "packageSizing": "4 l, $0.17/100ml", "pricing": {"price": "6.88", "wasPrice": null, "displayPrice": "$6.88", "memberOnlyPrice": null, "mopDisplayPrice": null, "ehfTotal": null, "environmentalHandlingFee": null, "taxInfo": ""}, "pricingUnits": {"type": "SOLD_BY_EACH", "unit": "ea", "interval": 1, "minOrderQuantity": 1, "maxOrderQuantity": 24, "weighted": false}, "deal": null, "mopDeal": null, "pcoDeal": null, "inventoryIndicator": null, "offerType": "OG", "offerId": "OG", "action": null, "isVariant": false, "link": "/en/1-microfiltered-milk/p/20136554_EA", "productVendor": null, "productVariant": null, "textBadge": "", "variantTheme": null, "articleNumber": "20136554", "uom": "EA", "sponsoredCreative": null, "isSponsored": false, "isComplementarySponsored": false, "complementarySponsoredBadgeText": null, "productBadge": {"badgeId": "PREPARED_IN_CANADA", "badgeClass": "badge11", "text": "Prepared in Canada", "icon": {"url": "https://dis-prod.assetful.loblaw.ca/content/dam/loblaw-companies-limited/creative-assets/pc-optimum/global-list/maple-leaf-red.png", "altText": "", "placement": "LEFT"}}}}}
{"store": "Real Canadian Superstore", "site_slug": "realcanadiansuperstore", "source_url": "/search?search-bar=milk&page=1", "scrape_ts": "2025-12-20T23:00:05.458359Z", "external_id": "20149754_EA", "name": "2% Milk", "brand": "Neilson", "size_text": "1 l, $0.36/100ml", "price": 3.58, "currency": "CAD", "unit_price": 0.36, "unit_price_uom": "100ml", "image_url": "https://digital.loblaws.ca/PCX/20149754_EA/en/1/20149754_en_front_800.png", "category_path": null, "availability": "in_stock", "raw_source": {"type": "next-data", "data": {"index": 11, "promotions": [], "productId": "20149754_EA", "productImage": [{"imageUrl": "https://digital.loblaws.ca/PCX/20149754_EA/en/1/20149754_en_front_1200.png", "thumbnailUrl": "https://digital.loblaws.ca/PCX/20149754_EA/en/1/20149754_en_front_120.png", "smallUrl": "https://digital.loblaws.ca/PCX/20149754_EA/en/1/20149754_en_front_250.png", "mediumUrl": "https://digital.loblaws.ca/PCX/20149754_EA/en/1/20149754_en_front_400.png", "largeUrl": "https://digital.loblaws.ca/PCX/20149754_EA/en/1/20149754_en_front_800.png", "extraLargeUrl": "https://digital.loblaws.ca/PCX/20149754_EA/en/1/20149754_en_front_1200.png", "smallRetinaUrl": "https://digital.loblaws.ca/PCX/20149754_EA/en/1/20149754_en_front_250.png", "mediumRetinaUrl": "https://digital.loblaws.ca/PCX/20149754_EA/en/1/20149754_en_front_400.png", "largeRetinaUrl": "https://digital.loblaws.ca/PCX/20149754_EA/en/1/20149754_en_front_800.png"}], "brand": "Neilson", "title": "2% Milk", "description": "Fresh, wholesome milk… naturally from Neilson.Since 1893, Neilson has stood for high quality dairy products. Neilson has always been committed to using the best ingredients, people and processes to produce great tasting quality milk you can depend on. Always fresh, always delicious and always an excellent source of calcium, protein and vitamin D.", "packageSizing": "1 l, $0.36/100ml", "pricing": {"price": "3.58", "wasPrice": null, "displayPrice": "$3.58", "memberOnlyPrice": null, "mopDisplayPrice": null, "ehfTotal": null, "environmentalHandlingFee": null, "taxInfo": ""}, "pricingUnits": {"type": "SOLD_BY_EACH", "unit": "ea", "interval": 1, "minOrderQuantity": 1, "maxOrderQuantity": 24, "weighted": false}, "deal": null, "mopDeal": null, "pcoDeal": null, "inventoryIndicator": null, "offerType": "OG", "offerId": "OG", "action": null, "isVariant": false, "link": "/en/2-milk/p/20149754_EA", "productVendor": null, "productVariant": null, "textBadge": "", "variantTheme": null, "articleNumber": "20149754", "uom": "EA", "sponsoredCreative": null, "isSponsored": false, "isComplementarySponsored": false, "complementarySponsoredBadgeText": null, "productBadge": {"badgeId": "PREPARED_IN_CANADA", "badgeClass": "badge11", "text": "Prepared in Canada", "icon": {"url": "https://dis-prod.assetful.loblaw.ca/content/dam/loblaw-companies-limited/creative-assets/pc-optimum/global-list/maple-leaf-red.png", "altText": "", "placement": "LEFT"}}}}}
{"store": "Real Canadian Superstore", "site_slug": "realcanadiansuperstore", "source_url": "/search?search-bar=milk&page=1", "scrape_ts": "2025-12-20T23:00:05.458359Z", "external_id": "21649902_EA", "name": "DAIRY MILK Original Milk Chocolate Bars, Pack of 8 Mini Bars", "brand": "Cadbury", "size_text": "144 g, $4.72/100g", "price": 6.79, "currency": "CAD", "unit_price": 4.72, "unit_price_uom": "100g", "image_url": "https://digital.loblaws.ca/PCX/21649902_EA/en/1/21649902_en_front_800.png", "category_path": null, "availability": "in_stock", "raw_source": {"type": "next-data", "data": {"index": 12, "promotions": [{"type": "DEAL", "quantity": null, "savings": null, "value": null, "promoCode": "000002869390", "expiryDate": "9999-12-31T00:00:00Z", "title": null, "promoType": null, "pricingMethod": "3", "text": "PC Optimum Points", "reward": "$_FIXED", "callToAction": {"text": "Shop Offer", "url": "/shop-by-promo/000002869390"}}], "productId": "21649902_EA", "productImage": [{"imageUrl": "https://digital.loblaws.ca/PCX/21649902_EA/en/1/21649902_en_front_1200.png", "thumbnailUrl": "https://digital.loblaws.ca/PCX/21649902_EA/en/1/21649902_en_front_120.png", "smallUrl": "https://digital.loblaws.ca/PCX/21649902_EA/en/1/21649902_en_front_250.png", "mediumUrl": "https://digital.loblaws.ca/PCX/21649902_EA/en/1/21649902_en_front_400.png", "largeUrl": "https://digital.loblaws.ca/PCX/21649902_EA/en/1/21649902_en_front_800.png", "extraLargeUrl": "https://digital.loblaws.ca/PCX/21649902_EA/en/1/21649902_en_front_1200.png", "smallRetinaUrl": "https://digital.loblaws.ca/PCX/21649902_EA/en/1/21649902_en_front_250.png", "mediumRetinaUrl": "https://digital.loblaws.ca/PCX/21649902_EA/en/1/21649902_en_front_400.png", "largeRetinaUrl": "https://digital.loblaws.ca/PCX/21649902_EA/en/1/21649902_en_front_800.png"}], "brand": "Cadbury", "title": "DAIRY MILK Original Milk Chocolate Bars, Pack of 8 Mini Bars", "description": "<p>Enjoy the great taste and quality of CADBURY DAIRY MILK Milk Chocolate in a sharable bag of 8 mini chocolate bars.  Compact and convenient, CADBURY DAIRY MILK Milk Chocolate Mini Bars are a great option for sharing with friends during movie night, or to elevate any occasion with a tasty treat.</p><ul><li>CADBURY DAIRY MILK CHOCOLATE: Enjoy the classic, creamy taste of CADBURY DAIRY MILK Milk Chocolate in a shareable bag of 8 mini bars.</li><li>THE PERFECT TREAT SIZE: Enjoy your favourite CADBURY DAIRY MILK Milk Chocolate anytime and anywhere with this bag of 8 mini bars. Pop one of the convenient mini bars in your bag for tasty chocolate on-the-go.</li><li>PERFECT FOR TIME WITH FRIENDS: CADBURY DAIRY MILK bag of mini chocolate bars makes a tasty treat to share, when you're wanting a convenient option.</li><li>COCOA LIFE: Our sustainable cocoa sourcing program does good by encouraging responsible farming and by helping fight deforestation while supporting cocoa farming communities. Learn more at cocoalife.org</li><li>BELOVED BRAND: CADBURY DAIRY MILK is loved by Canadians, delivering quality and joy in every bite. Savour the simple pleasure in every piece. Proudly Made in Canada with domestic and imported ingredients.</li></ul>", "packageSizing": "144 g, $4.72/100g", "pricing": {"price": "6.79", "wasPrice": null, "displayPrice": "$6.79", "memberOnlyPrice": null, "mopDisplayPrice": null, "ehfTotal": null, "environmentalHandlingFee": null, "taxInfo": "Plus Tax"}, "pricingUnits": {"type": "SOLD_BY_EACH", "unit": "ea", "interval": 1, "minOrderQuantity": 1, "maxOrderQuantity": 25, "weighted": false}, "deal": {"type": "MULTI", "text": "$5.50 MIN 2", "points": 0, "name": "MULTI", "expiryDate": null, "dealPrice": null}, "mopDeal": null, "pcoDeal": null, "inventoryIndicator": null, "offerType": "OG", "offerId": "OG", "action": null, "isVariant": false, "link": "/en/dairy-milk-original-milk-chocolate-bars-pack-of-8/p/21649902_EA", "productVendor": null, "productVariant": null, "textBadge": "", "variantTheme": null, "articleNumber": "21649902", "uom": "EA", "sponsoredCreative": {"adGroupId": "38dd037d-734e-4664-bced-c0604d3599aa", "campaignId": "b9c8e7b4-5f54-426f-9ab9-cb7d495cabad", "placementId": "fdf076c0-aef1-4f4f-8a4b-c9c88ec1f7bb", "encryptedCost": "ceR3+pI+wOjKmnRgMDplnSfbM5K02MKshrn3t3DEIg8=", "creativeId": "02938ef1-af2b-4c5d-a9c1-510f27033a1e", "servingId": "b9ccdb37-74fd-4f54-8c5b-4ab5e2ec9150", "keyword": "milk", "targetedKeyword": "milk", "matchType": "EXACT_MATCH", "targetPageType": "SRP"}, "isSponsored": true, "isComplementarySponsored": true, "complementarySponsoredBadgeText": "You might like", "productBadge": {"badgeId": "SPONSORED", "badgeClass": null, "text": "Sponsored", "icon": null}}}}
{"store": "Real Canadian Superstore", "site_slug": "realcanadiansuperstore", "source_url": "/search?search-bar=milk&page=1", "scrape_ts": "2025-12-20T23:00:05.458359Z", "external_id": "20017001_EA", "name": "2% Milk", "brand": "Neilson", "size_text": "2 l, $0.27/100ml", "price": 5.32, "currency": "CAD", "unit_price": 0.27, "unit_price_uom": "100ml", "image_url": "https://digital.loblaws.ca/PCX/20017001_EA/en/1/20017001_en_front_800.png", "category_path": null, "availability": "in_stock", "raw_source": {"type": "next-data", "data": {"index": 13, "promotions": [], "productId": "20017001_EA", "productImage": [{"imageUrl": "https://digital.loblaws.ca/PCX/20017001_EA/en/1/20017001_en_front_1200.png", "thumbnailUrl": "https://digital.loblaws.ca/PCX/20017001_EA/en/1/20017001_en_front_120.png", "smallUrl": "https://digital.loblaws.ca/PCX/20017001_EA/en/1/20017001_en_front_250.png", "mediumUrl": "https://digital.loblaws.ca/PCX/20017001_EA/en/1/20017001_en_front_400.png", "largeUrl": "https://digital.loblaws.ca/PCX/20017001_EA/en/1/20017001_en_front_800.png", "extraLargeUrl": "https://digital.loblaws.ca/PCX/20017001_EA/en/1/20017001_en_front_1200.png", "smallRetinaUrl": "https://digital.loblaws.ca/PCX/20017001_EA/en/1/20017001_en_front_250.png", "mediumRetinaUrl": "https://digital.loblaws.ca/PCX/20017001_EA/en/1/20017001_en_front_400.png", "largeRetinaUrl": "https://digital.loblaws.ca/PCX/20017001_EA/en/1/20017001_en_front_800.png"}], "brand": "Neilson", "title": "2% Milk", "description": "Fresh, wholesome milk… naturally from Neilson.Since 1893, Neilson has stood for high quality dairy products. Neilson has always been committed to using the best ingredients, people and processes to produce great tasting quality milk you can depend on. Always fresh, always delicious and always an excellent source of calcium, protein and vitamin D.", "packageSizing": "2 l, $0.27/100ml", "pricing": {"price": "5.32", "wasPrice": null, "displayPrice": "$5.32", "memberOnlyPrice": null, "mopDisplayPrice": null, "ehfTotal": null, "environmentalHandlingFee": null, "taxInfo": ""}, "pricingUnits": {"type": "SOLD_BY_EACH", "unit": "ea", "interval": 1, "minOrderQuantity": 1, "maxOrderQuantity": 24, "weighted": false}, "deal": null, "mopDeal": null, "pcoDeal": null, "inventoryIndicator": null, "offerType": "OG", "offerId": "OG", "action": null, "isVariant": false, "link": "/en/2-milk/p/20017001_EA", "productVendor": null, "productVariant": null, "textBadge": "", "variantTheme": null, "articleNumber": "20017001", "uom": "EA", "sponsoredCreative": null, "isSponsored": false, "isComplementarySponsored": false, "complementarySponsoredBadgeText": null, "productBadge": {"badgeId": "PREPARED_IN_CANADA", "badgeClass": "badge11", "text": "Prepared in Canada", "icon": {"url": "https://dis-prod.assetful.loblaw.ca/content/dam/loblaw-companies-limited/creative-assets/pc-optimum/global-list/maple-leaf-red.png", "altText": "", "placement": "LEFT"}}}}}
{"store": "Real Canadian Superstore", "site_slug": "realcanadiansuperstore", "source_url": "/search?search-bar=milk&page=1", "scrape_ts": "2025-12-20T23:00:05.458359Z", "external_id": "21648487_EA", "name": "DAIRY MILK Almond Milk Chocolate Bar", "brand": "Cadbury", "size_text": "90 g, $3.33/100g", "price": 3.0, "currency": "CAD", "unit_price": 3.33, "unit_price_uom": "100g", "image_url": "https://digital.loblaws.ca/PCX/21648487_EA/en/1/21648487_en_front_800.png", "category_path": null, "availability": "in_stock", "raw_source": {"type": "next-data", "data": {"index": 14, "promotions": [{"type": "LOYALTY", "quantity": null, "savings": null, "value": null, "promoCode": "2552200180192399999", "expiryDate": "2025-12-24T23:59:59Z", "title": "PC Optimum Offer", "promoType": "00037", "pricingMethod": null, "text": "PC Optimum Points", "reward": null, "callToAction": {"text": "Shop Offer", "url": "/shop-by-promo/2552200180192399999"}}], "productId": "21648487_EA", "productImage": [{"imageUrl": "https://digital.loblaws.ca/PCX/21648487_EA/en/1/21648487_en_front_1200.png", "thumbnailUrl": "https://digital.loblaws.ca/PCX/21648487_EA/en/1/21648487_en_front_120.png", "smallUrl": "https://digital.loblaws.ca/PCX/21648487_EA/en/1/21648487_en_front_250.png", "mediumUrl": "https://digital.loblaws.ca/PCX/21648487_EA/en/1/21648487_en_front_400.png", "largeUrl": "https://digital.loblaws.ca/PCX/21648487_EA/en/1/21648487_en_front_800.png", "extraLargeUrl": "https://digital.loblaws.ca/PCX/21648487_EA/en/1/21648487_en_front_1200.png", "smallRetinaUrl": "https://digital.loblaws.ca/PCX/21648487_EA/en/1/21648487_en_front_250.png", "mediumRetinaUrl": "https://digital.loblaws.ca/PCX/21648487_EA/en/1/21648487_en_front_400.png", "largeRetinaUrl": "https://digital.loblaws.ca/PCX/21648487_EA/en/1/21648487_en_front_800.png"}], "brand": "Cadbury", "title": "DAIRY MILK Almond Milk Chocolate Bar", "description": "<p>Unwind with the timeless taste of wholesome chopped almonds and the smooth flavour of CADBURY DAIRY MILK milk chocolate. A CADBURY DAIRY MILK Almond Chocolate Bar is the perfect go-to treat for nut lovers craving something sweet and crunchy. From stealing a moment to yourself at work, this satisfying chocolate bar fits a wide range of occasions.</p><ul><li>MILK CHOCOLATE & ALMONDS: The CADBURY DAIRY MILK Almond Chocolate Bar is the perfect treat for nut lovers. This delectable chocolate bar combines the creamy taste of CADBURY DAIRY MILK milk chocolate with a nutty, almond crunch.</li><li>CLASSIC CRUNCH: When you want the crunch of rich, nutty almonds and melt-in-your-mouth CADBURY DAIRY MILK milk chocolate, the CADBURY DAIRY MILK Almond Chocolate Bar is the treat to reach for. Savour the blend of smooth and crunchy flavours.</li><li>PERFECT FOR ME-TIME: When it’s time to tune out of a busy day or unwind with your favourite show, a CADBURY DAIRY MILK Almond Chocolate Bar is a great choice for indulgent moments.</li><li>COCOA LIFE: Our sustainable cocoa sourcing program does good by encouraging responsible farming and by helping fight deforestation while supporting cocoa farming communities. Learn more at cocoalife.org</li><li>BELOVED BRAND: CADBURY DAIRY MILK is loved by Canadians, delivering quality and joy in every bite. Savour the simple pleasure in every piece. Proudly made in Canada from domestic and imported ingredients.</li></ul>", "packageSizing": "90 g, $3.33/100g", "pricing": {"price": "3.00", "wasPrice": null, "displayPrice": "$3.00 Non-Members", "memberOnlyPrice": "2.25", "mopDisplayPrice": "$2.25 Member Price", "ehfTotal": null, "environmentalHandlingFee": null, "taxInfo": "Plus Tax"}, "pricingUnits": {"type": "SOLD_BY_EACH", "unit": "ea", "interval": 1, "minOrderQuantity": 1, "maxOrderQuantity": 25, "weighted": false}, "deal": null, "mopDeal": null, "pcoDeal": null, "inventoryIndicator": null, "offerType": "OG", "offerId": "OG", "action": null, "isVariant": false, "link": "/en/dairy-milk-almond-milk-chocolate-bar/p/21648487_EA", "productVendor": null, "productVariant": null, "textBadge": "", "variantTheme": null, "articleNumber": "21648487", "uom": "EA", "sponsoredCreative": {"adGroupId": "38dd037d-734e-4664-bced-c0604d3599aa", "campaignId": "b9c8e7b4-5f54-426f-9ab9-cb7d495cabad", "placementId": "fdf076c0-aef1-4f4f-8a4b-c9c88ec1f7bb", "encryptedCost": "dnbK55o9QPWWbiAQbalTii0sglfMo9FlwZtLappMW+0=", "creativeId": "63e6e39a-e616-4b93-8858-ef9462741a0e", "servingId": "b9ccdb37-74fd-4f54-8c5b-4ab5e2ec9150", "keyword": "milk", "targetedKeyword": "milk", "matchType": "EXACT_MATCH", "targetPageType": "SRP"}, "isSponsored": true, "isComplementarySponsored": true, "complementarySponsoredBadgeText": "You might like", "productBadge": {"badgeId": "SPONSORED", "badgeClass": null, "text": "Sponsored", "icon": null}}}}
{"store": "Real Canadian Superstore", "site_slug": "realcanadiansuperstore", "source_url": "/search?search-bar=milk&page=1", "scrape_ts": "2025-12-20T23:00:05.458359Z", "external_id": "21424991_EA", "name": "PūrFiltre Milk 2% Partly Skimmed", "brand": "Lactantia", "size_text": "2 l, $0.29/100ml", "price": 5.8, "currency": "CAD", "unit_price": 0.29, "unit_price_uom": "100ml", "image_url": "https://digital.loblaws.ca/PCX/21424991_EA/en/1/21424991_enfr_front_v1_800.png", "category_path": null, "availability": "in_stock", "raw_source": {"type": "next-data", "data": {"index": 15, "promotions": [], "productId": "21424991_EA", "productImage": [{"imageUrl": "https://digital.loblaws.ca/PCX/21424991_EA/en/1/21424991_enfr_front_v1_1200.png", "thumbnailUrl": "https://digital.loblaws.ca/PCX/21424991_EA/en/1/21424991_enfr_front_v1_120.png", "smallUrl": "https://digital.loblaws.ca/PCX/21424991_EA/en/1/21424991_enfr_front_v1_250.png", "mediumUrl": "https://digital.loblaws.ca/PCX/21424991_EA/en/1/21424991_enfr_front_v1_400.png", "largeUrl": "https://digital.loblaws.ca/PCX/21424991_EA/en/1/21424991_enfr_front_v1_800.png", "extraLargeUrl": "https://digital.loblaws.ca/PCX/21424991_EA/en/1/21424991_enfr_front_v1_1200.png", "smallRetinaUrl": "https://digital.loblaws.ca/PCX/21424991_EA/en/1/21424991_enfr_front_v1_250.png", "mediumRetinaUrl": "https://digital.loblaws.ca/PCX/21424991_EA/en/1/21424991_enfr_front_v1_400.png", "largeRetinaUrl": "https://digital.loblaws.ca/PCX/21424991_EA/en/1/21424991_enfr_front_v1_800.png"}], "brand": "Lactantia", "title": "PūrFiltre Milk 2% Partly Skimmed", "description": null, "packageSizing": "2 l, $0.29/100ml", "pricing": {"price": "5.80", "wasPrice": null, "displayPrice": "$5.80", "memberOnlyPrice": null, "mopDisplayPrice": null, "ehfTotal": null, "environmentalHandlingFee": null, "taxInfo": ""}, "pricingUnits": {"type": "SOLD_BY_EACH", "unit": "ea", "interval": 1, "minOrderQuantity": 1, "maxOrderQuantity": 24, "weighted": false}, "deal": null, "mopDeal": null, "pcoDeal": null, "inventoryIndicator": null, "offerType": "OG", "offerId": "OG", "action": null, "isVariant": false, "link": "/en/p-rfiltre-milk-2-partly-skimmed/p/21424991_EA", "productVendor": null, "productVariant": null, "textBadge": "", "variantTheme": null, "articleNumber": "21424991", "uom": "EA", "sponsoredCreative": null, "isSponsored": false, "isComplementarySponsored": false, "complementarySponsoredBadgeText": null, "productBadge": {"badgeId": "PREPARED_IN_CANADA", "badgeClass": "badge11", "text": "Prepared in Canada", "icon": {"url": "https://dis-prod.assetful.loblaw.ca/content/dam/loblaw-companies-limited/creative-assets/pc-optimum/global-list/maple-leaf-red.png", "altText": "", "placement": "LEFT"}}}}}
{"store": "Real Canadian Superstore", "site_slug": "realcanadiansuperstore", "source_url": "/search?search-bar=milk&page=1", "scrape_ts": "2025-12-20T23:00:05.458359Z", "external_id": "21128369_EA", "name": "Milk 2% M.F", "brand": "Fairlife", "size_text": "1.5 l, $0.50/100ml", "price": 7.49, "currency": "CAD", "unit_price": 0.5, "unit_price_uom": "100ml", "image_url": "https://digital.loblaws.ca/PCX/21128369_EA/en/1/21128369_en_front_v3_800.png", "category_path": null, "availability": "in_stock", "raw_source": {"type": "next-data", "data": {"index": 16, "promotions": [], "productId": "21128369_EA", "productImage": [{"imageUrl": "https://digital.loblaws.ca/PCX/21128369_EA/en/1/21128369_en_front_v3_1200.png", "thumbnailUrl": "https://digital.loblaws.ca/PCX/21128369_EA/en/1/21128369_en_front_v3_120.png", "smallUrl": "https://digital.loblaws.ca/PCX/21128369_EA/en/1/21128369_en_front_v3_250.png", "mediumUrl": "https://digital.loblaws.ca/PCX/21128369_EA/en/1/21128369_en_front_v3_400.png", "largeUrl": "https://digital.loblaws.ca/PCX/21128369_EA/en/1/21128369_en_front_v3_800.png", "extraLargeUrl": "https://digital.loblaws.ca/PCX/21128369_EA/en/1/21128369_en_front_v3_1200.png", "smallRetinaUrl": "https://digital.loblaws.ca/PCX/21128369_EA/en/1/21128369_en_front_v3_250.png", "mediumRetinaUrl": "https://digital.loblaws.ca/PCX/21128369_EA/en/1/21128369_en_front_v3_400.png", "largeRetinaUrl": "https://digital.loblaws.ca/PCX/21128369_EA/en/1/21128369_en_front_v3_800.png"}], "brand": "Fairlife", "title": "Milk 2% M.F", "description": "<p>We are driven by a simple belief: we can always make the world better. Proper nourishment allows us all to grow and thrive. All our milk flows through soft filters to concentrate protein while filtering out half of the natural sugars. Our delicious fairlife ultra-filtered milk has 50% less sugar and 50% more protein than regular chocolate milk. Plus, there are no artificial growth hormones used and it's lactose-free. So sip, drink, and chug as you enjoy our delicious ultra-filtered milk, eh?</p><ul><li>Made with 100% quality Canadian milk</li><li>50% less sugar and 50% more protein than regular chocolate milk</li><li>Delicious, satisfying, and lactose-free</li><li>No artificial growth hormones used</li></ul>", "packageSizing": "1.5 l, $0.50/100ml", "pricing": {"price": "7.49", "wasPrice": null, "displayPrice": "$7.49", "memberOnlyPrice": null, "mopDisplayPrice": null, "ehfTotal": null, "environmentalHandlingFee": null, "taxInfo": ""}, "pricingUnits": {"type": "SOLD_BY_EACH", "unit": "ea", "interval": 1, "minOrderQuantity": 1, "maxOrderQuantity": 24, "weighted": false}, "deal": null, "mopDeal": null, "pcoDeal": null, "inventoryIndicator": null, "offerType": "OG", "offerId": "OG", "action": null, "isVariant": false, "link": "/en/milk-2-m-f/p/21128369_EA", "productVendor": null, "productVariant": null, "textBadge": "", "variantTheme": null, "articleNumber": "21128369", "uom": "EA", "sponsoredCreative": null, "isSponsored": false, "isComplementarySponsored": false, "complementarySponsoredBadgeText": null, "productBadge": {"badgeId": "PREPARED_IN_CANADA", "badgeClass": "badge11", "text": "Prepared in Canada", "icon": {"url": "https://dis-prod.assetful.loblaw.ca/content/dam/loblaw-companies-limited/creative-assets/pc-optimum/global-list/maple-leaf-red.png", "altText": "", "placement": "LEFT"}}}}}
{"store": "Real Canadian Superstore", "site_slug": "realcanadiansuperstore", "source_url": "/search?search-bar=milk&page=1", "scrape_ts": "2025-12-20T23:00:05.458359Z", "external_id": "20077874001_EA", "name": "Lactose Free 2% Dairy Product", "brand": "Natrel", "size_text": "2 l, $0.34/100ml", "price": 6.74, "currency": "CAD", "unit_price": 0.34, "unit_price_uom": "100ml", "image_url": "https://digital.loblaws.ca/PCX/20077874001_EA/en/1/20077874001_en_front_800.png", "category_path": null, "availability": "in_stock", "raw_source": {"type": "next-data", "data": {"index": 17, "promotions": [], "productId": "20077874001_EA", "productImage": [{"imageUrl": "https://digital.loblaws.ca/PCX/20077874001_EA/en/1/20077874001_en_front_1200.png", "thumbnailUrl": "https://digital.loblaws.ca/PCX/20077874001_EA/en/1/20077874001_en_front_120.png", "smallUrl": "https://digital.loblaws.ca/PCX/20077874001_EA/en/1/20077874001_en_front_250.png", "mediumUrl": "https://digital.loblaws.ca/PCX/20077874001_EA/en/1/20077874001_en_front_400.png", "largeUrl": "https://digital.loblaws.ca/PCX/20077874001_EA/en/1/20077874001_en_front_800.png", "extraLargeUrl": "https://digital.loblaws.ca/PCX/20077874001_EA/en/1/20077874001_en_front_1200.png", "smallRetinaUrl": "https://digital.loblaws.ca/PCX/20077874001_EA/en/1/20077874001_en_front_250.png", "mediumRetinaUrl": "https://digital.loblaws.ca/PCX/20077874001_EA/en/1/20077874001_en_front_400.png", "largeRetinaUrl": "https://digital.loblaws.ca/PCX/20077874001_EA/en/1/20077874001_en_front_800.png"}], "brand": "Natrel", "title": "Lactose Free 2% Dairy Product", "description": "Through our unique process, we can preserve the deliciously pure taste of fresh milk in every glass of our products, while removing the lactose that can cause you discomfort. So you can once again benefit from an excellent source of calcium, vitamin D and protein, plus a source of vitamin A. That’s everything you need to maintain a well-balanced diet.", "packageSizing": "2 l, $0.34/100ml", "pricing": {"price": "6.74", "wasPrice": null, "displayPrice": "$6.74", "memberOnlyPrice": null, "mopDisplayPrice": null, "ehfTotal": null, "environmentalHandlingFee": null, "taxInfo": ""}, "pricingUnits": {"type": "SOLD_BY_EACH", "unit": "ea", "interval": 1, "minOrderQuantity": 1, "maxOrderQuantity": 24, "weighted": false}, "deal": null, "mopDeal": null, "pcoDeal": null, "inventoryIndicator": null, "offerType": "OG", "offerId": "OG", "action": null, "isVariant": false, "link": "/en/lactose-free-2-dairy-product/p/20077874001_EA", "productVendor": null, "productVariant": null, "textBadge": "", "variantTheme": null, "articleNumber": "20077874001", "uom": "EA", "sponsoredCreative": null, "isSponsored": false, "isComplementarySponsored": false, "complementarySponsoredBadgeText": null, "productBadge": {"badgeId": "PREPARED_IN_CANADA", "badgeClass": "badge11", "text": "Prepared in Canada", "icon": {"url": "https://dis-prod.assetful.loblaw.ca/content/dam/loblaw-companies-limited/creative-assets/pc-optimum/global-list/maple-leaf-red.png", "altText": "", "placement": "LEFT"}}}}}
{"store": "Real Canadian Superstore", "site_slug": "realcanadiansuperstore", "source_url": "/search?search-bar=milk&page=1", "scrape_ts": "2025-12-20T23:00:05.458359Z", "external_id": "20185616_EA", "name": "1% Milk", "brand": "Neilson", "size_text": "1 l, $0.36/100ml", "price": 3.58, "currency": "CAD", "unit_price": 0.36, "unit_price_uom": "100ml", "image_url": "https://digital.loblaws.ca/PCX/20185616_EA/en/1/20185616_en_front_v1_800.png", "category_path": null, "availability": "in_stock", "raw_source": {"type": "next-data", "data": {"index": 18, "promotions": [], "productId": "20185616_EA", "productImage": [{"imageUrl": "https://digital.loblaws.ca/PCX/20185616_EA/en/1/20185616_en_front_v1_1200.png", "thumbnailUrl": "https://digital.loblaws.ca/PCX/20185616_EA/en/1/20185616_en_front_v1_120.png", "smallUrl": "https://digital.loblaws.ca/PCX/20185616_EA/en/1/20185616_en_front_v1_250.png", "mediumUrl": "https://digital.loblaws.ca/PCX/20185616_EA/en/1/20185616_en_front_v1_400.png", "largeUrl": "https://digital.loblaws.ca/PCX/20185616_EA/en/1/20185616_en_front_v1_800.png", "extraLargeUrl": "https://digital.loblaws.ca/PCX/20185616_EA/en/1/20185616_en_front_v1_1200.png", "smallRetinaUrl": "https://digital.loblaws.ca/PCX/20185616_EA/en/1/20185616_en_front_v1_250.png", "mediumRetinaUrl": "https://digital.loblaws.ca/PCX/20185616_EA/en/1/20185616_en_front_v1_400.png", "largeRetinaUrl": "https://digital.loblaws.ca/PCX/20185616_EA/en/1/20185616_en_front_v1_800.png"}], "brand": "Neilson", "title": "1% Milk", "description": "Fresh, wholesome milk… naturally from Neilson.Since 1893, Neilson has stood for high quality dairy products. Neilson has always been committed to using the best ingredients, people and processes to produce great tasting quality milk you can depend on. Always fresh, always delicious and always an excellent source of calcium, protein and vitamin D.", "packageSizing": "1 l, $0.36/100ml", "pricing": {"price": "3.58", "wasPrice": null, "displayPrice": "$3.58", "memberOnlyPrice": null, "mopDisplayPrice": null, "ehfTotal": null, "environmentalHandlingFee": null, "taxInfo": ""}, "pricingUnits": {"type": "SOLD_BY_EACH", "unit": "ea", "interval": 1, "minOrderQuantity": 1, "maxOrderQuantity": 24, "weighted": false}, "deal": null, "mopDeal": null, "pcoDeal": null, "inventoryIndicator": null, "offerType": "OG", "offerId": "OG", "action": null, "isVariant": false, "link": "/en/1-milk/p/20185616_EA", "productVendor": null, "productVariant": null, "textBadge": "", "variantTheme": null, "articleNumber": "20185616", "uom": "EA", "sponsoredCreative": null, "isSponsored": false, "isComplementarySponsored": false, "complementarySponsoredBadgeText": null, "productBadge": {"badgeId": "PREPARED_IN_CANADA", "badgeClass": "badge11", "text": "Prepared in Canada", "icon": {"url": "https://dis-prod.assetful.loblaw.ca/content/dam/loblaw-companies-limited/creative-assets/pc-optimum/global-list/maple-leaf-red.png", "altText": "", "placement": "LEFT"}}}}}
{"store": "Real Canadian Superstore", "site_slug": "realcanadiansuperstore", "source_url": "/search?search-bar=milk&page=1", "scrape_ts": "2025-12-20T23:00:05.458359Z", "external_id": "21425018_EA", "name": "Purfiltre Partially Skimmed Milk 1%", "brand": "Lactantia", "size_text": "2 l, $0.29/100ml", "price": 5.8, "currency": "CAD", "unit_price": 0.29, "unit_price_uom": "100ml", "image_url": "https://digital.loblaws.ca/PCX/21425018_EA/en/1/21425018_en_front_v1_800.png", "category_path": null, "availability": "in_stock", "raw_source": {"type": "next-data", "data": {"index": 19, "promotions": [], "productId": "21425018_EA", "productImage": [{"imageUrl": "https://digital.loblaws.ca/PCX/21425018_EA/en/1/21425018_en_front_v1_1200.png", "thumbnailUrl": "https://digital.loblaws.ca/PCX/21425018_EA/en/1/21425018_en_front_v1_120.png", "smallUrl": "https://digital.loblaws.ca/PCX/21425018_EA/en/1/21425018_en_front_v1_250.png", "mediumUrl": "https://digital.loblaws.ca/PCX/21425018_EA/en/1/21425018_en_front_v1_400.png", "largeUrl": "https://digital.loblaws.ca/PCX/21425018_EA/en/1/21425018_en_front_v1_800.png", "extraLargeUrl": "https://digital.loblaws.ca/PCX/21425018_EA/en/1/21425018_en_front_v1_1200.png", "smallRetinaUrl": "https://digital.loblaws.ca/PCX/21425018_EA/en/1/21425018_en_front_v1_250.png", "mediumRetinaUrl": "https://digital.loblaws.ca/PCX/21425018_EA/en/1/21425018_en_front_v1_400.png", "largeRetinaUrl": "https://digital.loblaws.ca/PCX/21425018_EA/en/1/21425018_en_front_v1_800.png"}], "brand": "Lactantia", "title": "Purfiltre Partially Skimmed Milk 1%", "description": "<p>Taste the goodness every day with Lactantia PurFiltre 1% Filtered Partially Skimmed Milk. Sourced from Canadian dairies, every drop of this 100% Canadian milk is carefully filtered to provide a smooth, pure taste that stays fresh longer without preservatives. Source of calcium and protein, this low fat milk also contains vitamins A and D, making it a nutritious and delicious choice for the whole family. A delightful, refreshing choice on its own, with cereal, or in blended coffee drinks. Rediscover the farm-fresh flavour of fine filtered milk. Lactantia, for Milk Connoisseurs!</p><ul><li>Smooth and delicious filtered milk that stays fresh longer without preservatives</li><li>100% Canadian milk from Canadian dairies</li><li>Reduced fat, partially skimmed milk with 1% M.F.</li><li>Good source of calcium</li><li>9 g of protein per serving</li><li>Vitamins A & D</li><li>2 L</li></ul>", "packageSizing": "2 l, $0.29/100ml", "pricing": {"price": "5.80", "wasPrice": null, "displayPrice": "$5.80", "memberOnlyPrice": null, "mopDisplayPrice": null, "ehfTotal": null, "environmentalHandlingFee": null, "taxInfo": ""}, "pricingUnits": {"type": "SOLD_BY_EACH", "unit": "ea", "interval": 1, "minOrderQuantity": 1, "maxOrderQuantity": 24, "weighted": false}, "deal": null, "mopDeal": null, "pcoDeal": null, "inventoryIndicator": null, "offerType": "OG", "offerId": "OG", "action": null, "isVariant": false, "link": "/en/purfiltre-partially-skimmed-milk-1/p/21425018_EA", "productVendor": null, "productVariant": null, "textBadge": "", "variantTheme": null, "articleNumber": "21425018", "uom": "EA", "sponsoredCreative": null, "isSponsored": false, "isComplementarySponsored": false, "complementarySponsoredBadgeText": null, "productBadge": {"badgeId": "PREPARED_IN_CANADA", "badgeClass": "badge11", "text": "Prepared in Canada", "icon": {"url": "https://dis-prod.assetful.loblaw.ca/content/dam/loblaw-companies-limited/creative-assets/pc-optimum/global-list/maple-leaf-red.png", "altText": "", "placement": "LEFT"}}}}}
{"store": "Real Canadian Superstore", "site_slug": "realcanadiansuperstore", "source_url": "/search?search-bar=milk&page=1", "scrape_ts": "2025-12-20T23:00:05.458359Z", "external_id": "20091686_EA", "name": "3.25% Microfiltered Milk", "brand": "Neilson", "size_text": "4 l, $0.19/100ml", "price": 7.68, "currency": "CAD", "unit_price": 0.19, "unit_price_uom": "100ml", "image_url": "https://digital.loblaws.ca/PCX/20091686_EA/en/1/20091686_en_front_800.png", "category_path": null, "availability": "in_stock", "raw_source": {"type": "next-data", "data": {"index": 20, "promotions": [], "productId": "20091686_EA", "productImage": [{"imageUrl": "https://digital.loblaws.ca/PCX/20091686_EA/en/1/20091686_en_front_1200.png", "thumbnailUrl": "https://digital.loblaws.ca/PCX/20091686_EA/en/1/20091686_en_front_120.png", "smallUrl": "https://digital.loblaws.ca/PCX/20091686_EA/en/1/20091686_en_front_250.png", "mediumUrl": "https://digital.loblaws.ca/PCX/20091686_EA/en/1/20091686_en_front_400.png", "largeUrl": "https://digital.loblaws.ca/PCX/20091686_EA/en/1/20091686_en_front_800.png", "extraLargeUrl": "https://digital.loblaws.ca/PCX/20091686_EA/en/1/20091686_en_front_1200.png", "smallRetinaUrl": "https://digital.loblaws.ca/PCX/20091686_EA/en/1/20091686_en_front_250.png", "mediumRetinaUrl": "https://digital.loblaws.ca/PCX/20091686_EA/en/1/20091686_en_front_400.png", "largeRetinaUrl": "https://digital.loblaws.ca/PCX/20091686_EA/en/1/20091686_en_front_800.png"}], "brand": "Neilson", "title": "3.25% Microfiltered Milk", "description": "Fresh, wholesome milk… naturally from Neilson.Since 1893, Neilson has stood for high quality dairy products. Neilson has always been committed to using the best ingredients, people and processes to produce great tasting quality milk you can depend on. Always fresh, always delicious and always an excellent source of calcium, protein and vitamin D.", "packageSizing": "4 l, $0.19/100ml", "pricing": {"price": "7.68", "wasPrice": null, "displayPrice": "$7.68", "memberOnlyPrice": null, "mopDisplayPrice": null, "ehfTotal": null, "environmentalHandlingFee": null, "taxInfo": ""}, "pricingUnits": {"type": "SOLD_BY_EACH", "unit": "ea", "interval": 1, "minOrderQuantity": 1, "maxOrderQuantity": 24, "weighted": false}, "deal": null, "mopDeal": null, "pcoDeal": null, "inventoryIndicator": null, "offerType": "OG", "offerId": "OG", "action": null, "isVariant": false, "link": "/en/3-25-microfiltered-milk/p/20091686_EA", "productVendor": null, "productVariant": null, "textBadge": "", "variantTheme": null, "articleNumber": "20091686", "uom": "EA", "sponsoredCreative": null, "isSponsored": false, "isComplementarySponsored": false, "complementarySponsoredBadgeText": null, "productBadge": {"badgeId": "PREPARED_IN_CANADA", "badgeClass": "badge11", "text": "Prepared in Canada", "icon": {"url": "https://dis-prod.assetful.loblaw.ca/content/dam/loblaw-companies-limited/creative-assets/pc-optimum/global-list/maple-leaf-red.png", "altText": "", "placement": "LEFT"}}}}}
{"store": "Real Canadian Superstore", "site_slug": "realcanadiansuperstore", "source_url": "/search?search-bar=milk&page=1", "scrape_ts": "2025-12-20T23:00:05.458359Z", "external_id": "21694605_EA", "name": "Ultrapur Protein Ultra-Filtered Milk 2%", "brand": "Lactantia", "size_text": "1.5 l, $0.43/100ml", "price": 6.49, "currency": "CAD", "unit_price": 0.43, "unit_price_uom": "100ml", "image_url": "https://digital.loblaws.ca/PCX/21694605_EA/en/1/21694605_en_front_v1_800.png", "category_path": null, "availability": "in_stock", "raw_source": {"type": "next-data", "data": {"index": 21, "promotions": [], "productId": "21694605_EA", "productImage": [{"imageUrl": "https://digital.loblaws.ca/PCX/21694605_EA/en/1/21694605_en_front_v1_1200.png", "thumbnailUrl": "https://digital.loblaws.ca/PCX/21694605_EA/en/1/21694605_en_front_v1_120.png", "smallUrl": "https://digital.loblaws.ca/PCX/21694605_EA/en/1/21694605_en_front_v1_250.png", "mediumUrl": "https://digital.loblaws.ca/PCX/21694605_EA/en/1/21694605_en_front_v1_400.png", "largeUrl": "https://digital.loblaws.ca/PCX/21694605_EA/en/1/21694605_en_front_v1_800.png", "extraLargeUrl": "https://digital.loblaws.ca/PCX/21694605_EA/en/1/21694605_en_front_v1_1200.png", "smallRetinaUrl": "https://digital.loblaws.ca/PCX/21694605_EA/en/1/21694605_en_front_v1_250.png", "mediumRetinaUrl": "https://digital.loblaws.ca/PCX/21694605_EA/en/1/21694605_en_front_v1_400.png", "largeRetinaUrl": "https://digital.loblaws.ca/PCX/21694605_EA/en/1/21694605_en_front_v1_800.png"}], "brand": "Lactantia", "title": "Ultrapur Protein Ultra-Filtered Milk 2%", "description": "<p>Get more of what you want with Lactantia UltraPur Ultrafiltered Milk. Unlike regular milk, this partly skimmed high protein milk is also ideal for those who require lactose free milk. Sourced from Canadian dairies, every drop of this 2% high-protein milk is carefully filtered to provide a smooth, pure taste that stays fresh longer without preservatives. Source of 10 essential nutrients and no sugar added, this milk is a nutritious and delicious choice for the whole family. A delightful, refreshing choice on its own, with cereal, or in blended coffee drinks. Rediscover the power of farm-fresh flavour with ultrafiltered milk. Lactantia, for Milk Connoisseurs!</p><ul><li>Made with ultrafiltered milk that stays fresh longer without preservatives</li><li>100% Canadian milk from Canadian dairies</li><li>20g of protein per serving</li><li>Lactose free</li><li>2% M.F.</li><li>Source of 10 essential nutrients</li><li>No added sugar</li><li>1.5 L</li></ul>", "packageSizing": "1.5 l, $0.43/100ml", "pricing": {"price": "6.49", "wasPrice": null, "displayPrice": "$6.49", "memberOnlyPrice": null, "mopDisplayPrice": null, "ehfTotal": null, "environmentalHandlingFee": null, "taxInfo": ""}, "pricingUnits": {"type": "SOLD_BY_EACH", "unit": "ea", "interval": 1, "minOrderQuantity": 1, "maxOrderQuantity": 25, "weighted": false}, "deal": null, "mopDeal": null, "pcoDeal": null, "inventoryIndicator": {"indicatorId": "LOW", "text": "Low Stock"}, "offerType": "OG", "offerId": "OG", "action": null, "isVariant": false, "link": "/en/ultrapur-protein-ultra-filtered-milk-2/p/21694605_EA", "productVendor": null, "productVariant": null, "textBadge": "low-inventory", "variantTheme": null, "articleNumber": "21694605", "uom": "EA", "sponsoredCreative": null, "isSponsored": false, "isComplementarySponsored": false, "complementarySponsoredBadgeText": null, "productBadge": null}}}
{"store": "Real Canadian Superstore", "site_slug": "realcanadiansuperstore", "source_url": "/search?search-bar=milk&page=1", "scrape_ts": "2025-12-20T23:00:05.458359Z", "external_id": "20126276_EA", "name": "1% Microfiltered Milk", "brand": "Neilson", "size_text": "2 l, $0.28/100ml", "price": 5.69, "currency": "CAD", "unit_price": 0.28, "unit_price_uom": "100ml", "image_url": "https://digital.loblaws.ca/PCX/20126276_EA/en/1/20126276_en_front_v1_800.png", "category_path": null, "availability": "in_stock", "raw_source": {"type": "next-data", "data": {"index": 22, "promotions": [], "productId": "20126276_EA", "productImage": [{"imageUrl": "https://digital.loblaws.ca/PCX/20126276_EA/en/1/20126276_en_front_v1_1200.png", "thumbnailUrl": "https://digital.loblaws.ca/PCX/20126276_EA/en/1/20126276_en_front_v1_120.png", "smallUrl": "https://digital.loblaws.ca/PCX/20126276_EA/en/1/20126276_en_front_v1_250.png", "mediumUrl": "https://digital.loblaws.ca/PCX/20126276_EA/en/1/20126276_en_front_v1_400.png", "largeUrl": "https://digital.loblaws.ca/PCX/20126276_EA/en/1/20126276_en_front_v1_800.png", "extraLargeUrl": "https://digital.loblaws.ca/PCX/20126276_EA/en/1/20126276_en_front_v1_1200.png", "smallRetinaUrl": "https://digital.loblaws.ca/PCX/20126276_EA/en/1/20126276_en_front_v1_250.png", "mediumRetinaUrl": "https://digital.loblaws.ca/PCX/20126276_EA/en/1/20126276_en_front_v1_400.png", "largeRetinaUrl": "https://digital.loblaws.ca/PCX/20126276_EA/en/1/20126276_en_front_v1_800.png"}], "brand": "Neilson", "title": "1% Microfiltered Milk", "description": "Fresh, wholesome milk… naturally from Neilson.Since 1893, Neilson has stood for high quality dairy products. Neilson has always been committed to using the best ingredients, people and processes to produce great tasting quality milk you can depend on. Always fresh, always delicious and always an excellent source of calcium, protein and vitamin D.", "packageSizing": "2 l, $0.28/100ml", "pricing": {"price": "5.69", "wasPrice": null, "displayPrice": "$5.69", "memberOnlyPrice": null, "mopDisplayPrice": null, "ehfTotal": null, "environmentalHandlingFee": null, "taxInfo": ""}, "pricingUnits": {"type": "SOLD_BY_EACH", "unit": "ea", "interval": 1, "minOrderQuantity": 1, "maxOrderQuantity": 24, "weighted": false}, "deal": null, "mopDeal": null, "pcoDeal": null, "inventoryIndicator": null, "offerType": "OG", "offerId": "OG", "action": null, "isVariant": false, "link": "/en/1-microfiltered-milk/p/20126276_EA", "productVendor": null, "productVariant": null, "textBadge": "", "variantTheme": null, "articleNumber": "20126276", "uom": "EA", "sponsoredCreative": null, "isSponsored": false, "isComplementarySponsored": false, "complementarySponsoredBadgeText": null, "productBadge": {"badgeId": "PREPARED_IN_CANADA", "badgeClass": "badge11", "text": "Prepared in Canada", "icon": {"url": "https://dis-prod.assetful.loblaw.ca/content/dam/loblaw-companies-limited/creative-assets/pc-optimum/global-list/maple-leaf-red.png", "altText": "", "placement": "LEFT"}}}}}
{"store": "Real Canadian Superstore", "site_slug": "realcanadiansuperstore", "source_url": "/search?search-bar=milk&page=1", "scrape_ts": "2025-12-20T23:00:05.458359Z", "external_id": "20076709_EA", "name": "1% Milk", "brand": "Neilson", "size_text": "2 l, $0.27/100ml", "price": 5.32, "currency": "CAD", "unit_price": 0.27, "unit_price_uom": "100ml", "image_url": "https://digital.loblaws.ca/PCX/20076709_EA/en/1/20076709_en_front_800.png", "category_path": null, "availability": "in_stock", "raw_source": {"type": "next-data", "data": {"index": 23, "promotions": [], "productId": "20076709_EA", "productImage": [{"imageUrl": "https://digital.loblaws.ca/PCX/20076709_EA/en/1/20076709_en_front_1200.png", "thumbnailUrl": "https://digital.loblaws.ca/PCX/20076709_EA/en/1/20076709_en_front_120.png", "smallUrl": "https://digital.loblaws.ca/PCX/20076709_EA/en/1/20076709_en_front_250.png", "mediumUrl": "https://digital.loblaws.ca/PCX/20076709_EA/en/1/20076709_en_front_400.png", "largeUrl": "https://digital.loblaws.ca/PCX/20076709_EA/en/1/20076709_en_front_800.png", "extraLargeUrl": "https://digital.loblaws.ca/PCX/20076709_EA/en/1/20076709_en_front_1200.png", "smallRetinaUrl": "https://digital.loblaws.ca/PCX/20076709_EA/en/1/20076709_en_front_250.png", "mediumRetinaUrl": "https://digital.loblaws.ca/PCX/20076709_EA/en/1/20076709_en_front_400.png", "largeRetinaUrl": "https://digital.loblaws.ca/PCX/20076709_EA/en/1/20076709_en_front_800.png"}], "brand": "Neilson", "title": "1% Milk", "description": "Fresh, wholesome milk… naturally from Neilson.Since 1893, Neilson has stood for high quality dairy products. Neilson has always been committed to using the best ingredients, people and processes to produce great tasting quality milk you can depend on. Always fresh, always delicious and always an excellent source of calcium, protein and vitamin D.", "packageSizing": "2 l, $0.27/100ml", "pricing": {"price": "5.32", "wasPrice": null, "displayPrice": "$5.32", "memberOnlyPrice": null, "mopDisplayPrice": null, "ehfTotal": null, "environmentalHandlingFee": null, "taxInfo": ""}, "pricingUnits": {"type": "SOLD_BY_EACH", "unit": "ea", "interval": 1, "minOrderQuantity": 1, "maxOrderQuantity": 24, "weighted": false}, "deal": null, "mopDeal": null, "pcoDeal": null, "inventoryIndicator": null, "offerType": "OG", "offerId": "OG", "action": null, "isVariant": false, "link": "/en/1-milk/p/20076709_EA", "productVendor": null, "productVariant": null, "textBadge": "", "variantTheme": null, "articleNumber": "20076709", "uom": "EA", "sponsoredCreative": null, "isSponsored": false, "isComplementarySponsored": false, "complementarySponsoredBadgeText": null, "productBadge": {"badgeId": "PREPARED_IN_CANADA", "badgeClass": "badge11", "text": "Prepared in Canada", "icon": {"url": "https://dis-prod.assetful.loblaw.ca/content/dam/loblaw-companies-limited/creative-assets/pc-optimum/global-list/maple-leaf-red.png", "altText": "", "placement": "LEFT"}}}}}
{"store": "Real Canadian Superstore", "site_slug": "realcanadiansuperstore", "source_url": "/search?search-bar=milk&page=1", "scrape_ts": "2025-12-20T23:00:05.458359Z", "external_id": "20125636_EA", "name": "3.25% Homogenized Milk", "brand": "Neilson", "size_text": "2 l, $0.28/100ml", "price": 5.55, "currency": "CAD", "unit_price": 0.28, "unit_price_uom": "100ml", "image_url": "https://digital.loblaws.ca/PCX/20125636_EA/en/1/20125636_en_front_800.png", "category_path": null, "availability": "in_stock", "raw_source": {"type": "next-data", "data": {"index": 24, "promotions": [], "productId": "20125636_EA", "productImage": [{"imageUrl": "https://digital.loblaws.ca/PCX/20125636_EA/en/1/20125636_en_front_1200.png", "thumbnailUrl": "https://digital.loblaws.ca/PCX/20125636_EA/en/1/20125636_en_front_120.png", "smallUrl": "https://digital.loblaws.ca/PCX/20125636_EA/en/1/20125636_en_front_250.png", "mediumUrl": "https://digital.loblaws.ca/PCX/20125636_EA/en/1/20125636_en_front_400.png", "largeUrl": "https://digital.loblaws.ca/PCX/20125636_EA/en/1/20125636_en_front_800.png", "extraLargeUrl": "https://digital.loblaws.ca/PCX/20125636_EA/en/1/20125636_en_front_1200.png", "smallRetinaUrl": "https://digital.loblaws.ca/PCX/20125636_EA/en/1/20125636_en_front_250.png", "mediumRetinaUrl": "https://digital.loblaws.ca/PCX/20125636_EA/en/1/20125636_en_front_400.png", "largeRetinaUrl": "https://digital.loblaws.ca/PCX/20125636_EA/en/1/20125636_en_front_800.png"}], "brand": "Neilson", "title": "3.25% Homogenized Milk", "description": "Fresh, wholesome milk… naturally from Neilson.Since 1893, Neilson has stood for high quality dairy products. Neilson has always been committed to using the best ingredients, people and processes to produce great tasting quality milk you can depend on. Always fresh, always delicious and always an excellent source of calcium, protein and vitamin D.", "packageSizing": "2 l, $0.28/100ml", "pricing": {"price": "5.55", "wasPrice": null, "displayPrice": "$5.55", "memberOnlyPrice": null, "mopDisplayPrice": null, "ehfTotal": null, "environmentalHandlingFee": null, "taxInfo": ""}, "pricingUnits": {"type": "SOLD_BY_EACH", "unit": "ea", "interval": 1, "minOrderQuantity": 1, "maxOrderQuantity": 24, "weighted": false}, "deal": null, "mopDeal": null, "pcoDeal": null, "inventoryIndicator": null, "offerType": "OG", "offerId": "OG", "action": null, "isVariant": false, "link": "/en/3-25-homogenized-milk/p/20125636_EA", "productVendor": null, "productVariant": null, "textBadge": "", "variantTheme": null, "articleNumber": "20125636", "uom": "EA", "sponsoredCreative": null, "isSponsored": false, "isComplementarySponsored": false, "complementarySponsoredBadgeText": null, "productBadge": {"badgeId": "PREPARED_IN_CANADA", "badgeClass": "badge11", "text": "Prepared in Canada", "icon": {"url": "https://dis-prod.assetful.loblaw.ca/content/dam/loblaw-companies-limited/creative-assets/pc-optimum/global-list/maple-leaf-red.png", "altText": "", "placement": "LEFT"}}}}}
{"store": "Real Canadian Superstore", "site_slug": "realcanadiansuperstore", "source_url": "/search?search-bar=milk&page=1", "scrape_ts": "2025-12-20T23:00:05.458359Z", "external_id": "21537885_EA", "name": "2% Partly Skimmed Milk", "brand": "Milk 2 Go", "size_text": "6x200.0 ml, $0.54/100ml", "price": 6.49, "currency": "CAD", "unit_price": 0.54, "unit_price_uom": "100ml", "image_url": "https://digital.loblaws.ca/PCX/21537885_EA/en/1/21537885_en_front_800.png", "category_path": null, "availability": "in_stock", "raw_source": {"type": "next-data", "data": {"index": 25, "promotions": [], "productId": "21537885_EA", "productImage": [{"imageUrl": "https://digital.loblaws.ca/PCX/21537885_EA/en/1/21537885_en_front_1200.png", "thumbnailUrl": "https://digital.loblaws.ca/PCX/21537885_EA/en/1/21537885_en_front_120.png", "smallUrl": "https://digital.loblaws.ca/PCX/21537885_EA/en/1/21537885_en_front_250.png", "mediumUrl": "https://digital.loblaws.ca/PCX/21537885_EA/en/1/21537885_en_front_400.png", "largeUrl": "https://digital.loblaws.ca/PCX/21537885_EA/en/1/21537885_en_front_800.png", "extraLargeUrl": "https://digital.loblaws.ca/PCX/21537885_EA/en/1/21537885_en_front_1200.png", "smallRetinaUrl": "https://digital.loblaws.ca/PCX/21537885_EA/en/1/21537885_en_front_250.png", "mediumRetinaUrl": "https://digital.loblaws.ca/PCX/21537885_EA/en/1/21537885_en_front_400.png", "largeRetinaUrl": "https://digital.loblaws.ca/PCX/21537885_EA/en/1/21537885_en_front_800.png"}], "brand": "Milk 2 Go", "title": "2% Partly Skimmed Milk", "description": "It’s best buds with cookies, cake and pretty much all desserts. And it fits into the cup holder of your car. So much to love. Milk2Go is the right balance of fun and convenience. This playful brand offers a variety of flavours of bottled fresh milk to take on the go. We are committed to providing nutritious, delicious, Canadian-produced milk with no preservatives.  Milk2Go, the perfect on the go snack for everyone.", "packageSizing": "6x200.0 ml, $0.54/100ml", "pricing": {"price": "6.49", "wasPrice": null, "displayPrice": "$6.49", "memberOnlyPrice": null, "mopDisplayPrice": null, "ehfTotal": null, "environmentalHandlingFee": null, "taxInfo": ""}, "pricingUnits": {"type": "SOLD_BY_EACH", "unit": "ea", "interval": 1, "minOrderQuantity": 1, "maxOrderQuantity": 24, "weighted": false}, "deal": null, "mopDeal": null, "pcoDeal": null, "inventoryIndicator": null, "offerType": "OG", "offerId": "OG", "action": null, "isVariant": false, "link": "/en/2-partly-skimmed-milk/p/21537885_EA", "productVendor": null, "productVariant": null, "textBadge": "", "variantTheme": null, "articleNumber": "21537885", "uom": "EA", "sponsoredCreative": null, "isSponsored": false, "isComplementarySponsored": false, "complementarySponsoredBadgeText": null, "productBadge": {"badgeId": "PREPARED_IN_CANADA", "badgeClass": "badge11", "text": "Prepared in Canada", "icon": {"url": "https://dis-prod.assetful.loblaw.ca/content/dam/loblaw-companies-limited/creative-assets/pc-optimum/global-list/maple-leaf-red.png", "altText": "", "placement": "LEFT"}}}}}
{"store": "Real Canadian Superstore", "site_slug": "realcanadiansuperstore", "source_url": "/search?search-bar=milk&page=1", "scrape_ts": "2025-12-20T23:00:05.458359Z", "external_id": "20077874003_EA", "name": "Lactose Free 1% Dairy Product", "brand": "Natrel", "size_text": "2 l, $0.34/100ml", "price": 6.74, "currency": "CAD", "unit_price": 0.34, "unit_price_uom": "100ml", "image_url": "https://digital.loblaws.ca/PCX/20077874003_EA/en/1/20077874003_en_front_800.png", "category_path": null, "availability": "in_stock", "raw_source": {"type": "next-data", "data": {"index": 26, "promotions": [], "productId": "20077874003_EA", "productImage": [{"imageUrl": "https://digital.loblaws.ca/PCX/20077874003_EA/en/1/20077874003_en_front_1200.png", "thumbnailUrl": "https://digital.loblaws.ca/PCX/20077874003_EA/en/1/20077874003_en_front_120.png", "smallUrl": "https://digital.loblaws.ca/PCX/20077874003_EA/en/1/20077874003_en_front_250.png", "mediumUrl": "https://digital.loblaws.ca/PCX/20077874003_EA/en/1/20077874003_en_front_400.png", "largeUrl": "https://digital.loblaws.ca/PCX/20077874003_EA/en/1/20077874003_en_front_800.png", "extraLargeUrl": "https://digital.loblaws.ca/PCX/20077874003_EA/en/1/20077874003_en_front_1200.png", "smallRetinaUrl": "https://digital.loblaws.ca/PCX/20077874003_EA/en/1/20077874003_en_front_250.png", "mediumRetinaUrl": "https://digital.loblaws.ca/PCX/20077874003_EA/en/1/20077874003_en_front_400.png", "largeRetinaUrl": "https://digital.loblaws.ca/PCX/20077874003_EA/en/1/20077874003_en_front_800.png"}], "brand": "Natrel", "title": "Lactose Free 1% Dairy Product", "description": "Through our unique process, we can preserve the deliciously pure taste of fresh milk in every glass of our products, while removing the lactose that can cause you discomfort. So you can once again benefit from an excellent source of calcium, vitamin D and protein, plus a source of vitamin A. That’s everything you need to maintain a well-balanced diet.", "packageSizing": "2 l, $0.34/100ml", "pricing": {"price": "6.74", "wasPrice": null, "displayPrice": "$6.74", "memberOnlyPrice": null, "mopDisplayPrice": null, "ehfTotal": null, "environmentalHandlingFee": null, "taxInfo": ""}, "pricingUnits": {"type": "SOLD_BY_EACH", "unit": "ea", "interval": 1, "minOrderQuantity": 1, "maxOrderQuantity": 24, "weighted": false}, "deal": null, "mopDeal": null, "pcoDeal": null, "inventoryIndicator": null, "offerType": "OG", "offerId": "OG", "action": null, "isVariant": false, "link": "/en/lactose-free-1-dairy-product/p/20077874003_EA", "productVendor": null, "productVariant": null, "textBadge": "", "variantTheme": null, "articleNumber": "20077874003", "uom": "EA", "sponsoredCreative": null, "isSponsored": false, "isComplementarySponsored": false, "complementarySponsoredBadgeText": null, "productBadge": {"badgeId": "PREPARED_IN_CANADA", "badgeClass": "badge11", "text": "Prepared in Canada", "icon": {"url": "https://dis-prod.assetful.loblaw.ca/content/dam/loblaw-companies-limited/creative-assets/pc-optimum/global-list/maple-leaf-red.png", "altText": "", "placement": "LEFT"}}}}}
{"store": "Real Canadian Superstore", "site_slug": "realcanadiansuperstore", "source_url": "/search?search-bar=milk&page=1", "scrape_ts": "2025-12-20T23:00:05.458359Z", "external_id": "20181392_EA", "name": "2% Microfiltered Milk", "brand": "Neilson", "size_text": "1 l, $0.37/100ml", "price": 3.68, "currency": "CAD", "unit_price": 0.37, "unit_price_uom": "100ml", "image_url": "https://digital.loblaws.ca/PCX/20181392_EA/en/1/20181392_en_front_v2_800.png", "category_path": null, "availability": "in_stock", "raw_source": {"type": "next-data", "data": {"index": 27, "promotions": [], "productId": "20181392_EA", "productImage": [{"imageUrl": "https://digital.loblaws.ca/PCX/20181392_EA/en/1/20181392_en_front_v2_1200.png", "thumbnailUrl": "https://digital.loblaws.ca/PCX/20181392_EA/en/1/20181392_en_front_v2_120.png", "smallUrl": "https://digital.loblaws.ca/PCX/20181392_EA/en/1/20181392_en_front_v2_250.png", "mediumUrl": "https://digital.loblaws.ca/PCX/20181392_EA/en/1/20181392_en_front_v2_400.png", "largeUrl": "https://digital.loblaws.ca/PCX/20181392_EA/en/1/20181392_en_front_v2_800.png", "extraLargeUrl": "https://digital.loblaws.ca/PCX/20181392_EA/en/1/20181392_en_front_v2_1200.png", "smallRetinaUrl": "https://digital.loblaws.ca/PCX/20181392_EA/en/1/20181392_en_front_v2_250.png", "mediumRetinaUrl": "https://digital.loblaws.ca/PCX/20181392_EA/en/1/20181392_en_front_v2_400.png", "largeRetinaUrl": "https://digital.loblaws.ca/PCX/20181392_EA/en/1/20181392_en_front_v2_800.png"}], "brand": "Neilson", "title": "2% Microfiltered Milk", "description": "Fresh, wholesome milk… naturally from Neilson.Since 1893, Neilson has stood for high quality dairy products. Neilson has always been committed to using the best ingredients, people and processes to produce great tasting quality milk you can depend on. Always fresh, always delicious and always an excellent source of calcium, protein and vitamin D.", "packageSizing": "1 l, $0.37/100ml", "pricing": {"price": "3.68", "wasPrice": null, "displayPrice": "$3.68", "memberOnlyPrice": null, "mopDisplayPrice": null, "ehfTotal": null, "environmentalHandlingFee": null, "taxInfo": ""}, "pricingUnits": {"type": "SOLD_BY_EACH", "unit": "ea", "interval": 1, "minOrderQuantity": 1, "maxOrderQuantity": 24, "weighted": false}, "deal": null, "mopDeal": null, "pcoDeal": null, "inventoryIndicator": null, "offerType": "OG", "offerId": "OG", "action": null, "isVariant": false, "link": "/en/2-microfiltered-milk/p/20181392_EA", "productVendor": null, "productVariant": null, "textBadge": "", "variantTheme": null, "articleNumber": "20181392", "uom": "EA", "sponsoredCreative": null, "isSponsored": false, "isComplementarySponsored": false, "complementarySponsoredBadgeText": null, "productBadge": {"badgeId": "PREPARED_IN_CANADA", "badgeClass": "badge11", "text": "Prepared in Canada", "icon": {"url": "https://dis-prod.assetful.loblaw.ca/content/dam/loblaw-companies-limited/creative-assets/pc-optimum/global-list/maple-leaf-red.png", "altText": "", "placement": "LEFT"}}}}}
{"store": "Real Canadian Superstore", "site_slug": "realcanadiansuperstore", "source_url": "/search?search-bar=milk&page=1", "scrape_ts": "2025-12-20T23:00:05.458359Z", "external_id": "21128348_EA", "name": "Whole Milk", "brand": "Fairlife", "size_text": "1.5 l, $0.50/100ml", "price": 7.49, "currency": "CAD", "unit_price": 0.5, "unit_price_uom": "100ml", "image_url": "https://digital.loblaws.ca/PCX/21128348_EA/en/1/21128348_en_front_v3_800.png", "category_path": null, "availability": "in_stock", "raw_source": {"type": "next-data", "data": {"index": 28, "promotions": [], "productId": "21128348_EA", "productImage": [{"imageUrl": "https://digital.loblaws.ca/PCX/21128348_EA/en/1/21128348_en_front_v3_1200.png", "thumbnailUrl": "https://digital.loblaws.ca/PCX/21128348_EA/en/1/21128348_en_front_v3_120.png", "smallUrl": "https://digital.loblaws.ca/PCX/21128348_EA/en/1/21128348_en_front_v3_250.png", "mediumUrl": "https://digital.loblaws.ca/PCX/21128348_EA/en/1/21128348_en_front_v3_400.png", "largeUrl": "https://digital.loblaws.ca/PCX/21128348_EA/en/1/21128348_en_front_v3_800.png", "extraLargeUrl": "https://digital.loblaws.ca/PCX/21128348_EA/en/1/21128348_en_front_v3_1200.png", "smallRetinaUrl": "https://digital.loblaws.ca/PCX/21128348_EA/en/1/21128348_en_front_v3_250.png", "mediumRetinaUrl": "https://digital.loblaws.ca/PCX/21128348_EA/en/1/21128348_en_front_v3_400.png", "largeRetinaUrl": "https://digital.loblaws.ca/PCX/21128348_EA/en/1/21128348_en_front_v3_800.png"}], "brand": "Fairlife", "title": "Whole Milk", "description": "<p>We are driven by a simple belief: we can always make the world better. Proper nourishment allows us all to grow and thrive. All our milk flows through soft filters to concentrate protein while filtering out half of the natural sugars. Our delicious fairlife ultra-filtered milk has 50% less sugar and 50% more protein than regular chocolate milk. Plus, there are no artificial growth hormones used and it's lactose-free. So sip, drink, and chug as you enjoy our delicious ultra-filtered milk, eh?</p><ul><li>Made with 100% quality Canadian milk</li><li>50% less sugar and 50% more protein than regular chocolate milk</li><li>Delicious, satisfying, and lactose-free</li><li>No artificial growth hormones used</li></ul>", "packageSizing": "1.5 l, $0.50/100ml", "pricing": {"price": "7.49", "wasPrice": null, "displayPrice": "$7.49", "memberOnlyPrice": null, "mopDisplayPrice": null, "ehfTotal": null, "environmentalHandlingFee": null, "taxInfo": ""}, "pricingUnits": {"type": "SOLD_BY_EACH", "unit": "ea", "interval": 1, "minOrderQuantity": 1, "maxOrderQuantity": 24, "weighted": false}, "deal": null, "mopDeal": null, "pcoDeal": null, "inventoryIndicator": null, "offerType": "OG", "offerId": "OG", "action": null, "isVariant": false, "link": "/en/whole-milk/p/21128348_EA", "productVendor": null, "productVariant": null, "textBadge": "", "variantTheme": null, "articleNumber": "21128348", "uom": "EA", "sponsoredCreative": null, "isSponsored": false, "isComplementarySponsored": false, "complementarySponsoredBadgeText": null, "productBadge": {"badgeId": "PREPARED_IN_CANADA", "badgeClass": "badge11", "text": "Prepared in Canada", "icon": {"url": "https://dis-prod.assetful.loblaw.ca/content/dam/loblaw-companies-limited/creative-assets/pc-optimum/global-list/maple-leaf-red.png", "altText": "", "placement": "LEFT"}}}}}
{"store": "Real Canadian Superstore", "site_slug": "realcanadiansuperstore", "source_url": "/search?search-bar=milk&page=1", "scrape_ts": "2025-12-20T23:00:05.458359Z", "external_id": "20131121_EA", "name": "3.25% Microfiltered Milk", "brand": "Neilson", "size_text": "2 l, $0.30/100ml", "price": 5.99, "currency": "CAD", "unit_price": 0.3, "unit_price_uom": "100ml", "image_url": "https://digital.loblaws.ca/PCX/20131121_EA/en/1/20131121_en_front_800.png", "category_path": null, "availability": "in_stock", "raw_source": {"type": "next-data", "data": {"index": 29, "promotions": [], "productId": "20131121_EA", "productImage": [{"imageUrl": "https://digital.loblaws.ca/PCX/20131121_EA/en/1/20131121_en_front_1200.png", "thumbnailUrl": "https://digital.loblaws.ca/PCX/20131121_EA/en/1/20131121_en_front_120.png", "smallUrl": "https://digital.loblaws.ca/PCX/20131121_EA/en/1/20131121_en_front_250.png", "mediumUrl": "https://digital.loblaws.ca/PCX/20131121_EA/en/1/20131121_en_front_400.png", "largeUrl": "https://digital.loblaws.ca/PCX/20131121_EA/en/1/20131121_en_front_800.png", "extraLargeUrl": "https://digital.loblaws.ca/PCX/20131121_EA/en/1/20131121_en_front_1200.png", "smallRetinaUrl": "https://digital.loblaws.ca/PCX/20131121_EA/en/1/20131121_en_front_250.png", "mediumRetinaUrl": "https://digital.loblaws.ca/PCX/20131121_EA/en/1/20131121_en_front_400.png", "largeRetinaUrl": "https://digital.loblaws.ca/PCX/20131121_EA/en/1/20131121_en_front_800.png"}], "brand": "Neilson", "title": "3.25% Microfiltered Milk", "description": "Fresh, wholesome milk… naturally from Neilson.Since 1893, Neilson has stood for high quality dairy products. Neilson has always been committed to using the best ingredients, people and processes to produce great tasting quality milk you can depend on. Always fresh, always delicious and always an excellent source of calcium, protein and vitamin D.", "packageSizing": "2 l, $0.30/100ml", "pricing": {"price": "5.99", "wasPrice": null, "displayPrice": "$5.99", "memberOnlyPrice": null, "mopDisplayPrice": null, "ehfTotal": null, "environmentalHandlingFee": null, "taxInfo": ""}, "pricingUnits": {"type": "SOLD_BY_EACH", "unit": "ea", "interval": 1, "minOrderQuantity": 1, "maxOrderQuantity": 24, "weighted": false}, "deal": null, "mopDeal": null, "pcoDeal": null, "inventoryIndicator": null, "offerType": "OG", "offerId": "OG", "action": null, "isVariant": false, "link": "/en/3-25-microfiltered-milk/p/20131121_EA", "productVendor": null, "productVariant": null, "textBadge": "", "variantTheme": null, "articleNumber": "20131121", "uom": "EA", "sponsoredCreative": null, "isSponsored": false, "isComplementarySponsored": false, "complementarySponsoredBadgeText": null, "productBadge": {"badgeId": "PREPARED_IN_CANADA", "badgeClass": "badge11", "text": "Prepared in Canada", "icon": {"url": "https://dis-prod.assetful.loblaw.ca/content/dam/loblaw-companies-limited/creative-assets/pc-optimum/global-list/maple-leaf-red.png", "altText": "", "placement": "LEFT"}}}}}
{"store": "Real Canadian Superstore", "site_slug": "realcanadiansuperstore", "source_url": "/search?search-bar=milk&page=1", "scrape_ts": "2025-12-20T23:00:05.458359Z", "external_id": "21128364_EA", "name": "Skim Milk", "brand": "Fairlife", "size_text": "1.5 l, $0.50/100ml", "price": 7.49, "currency": "CAD", "unit_price": 0.5, "unit_price_uom": "100ml", "image_url": "https://digital.loblaws.ca/PCX/21128364_EA/en/1/21128364_en_front_v3_800.png", "category_path": null, "availability": "in_stock", "raw_source": {"type": "next-data", "data": {"index": 30, "promotions": [], "productId": "21128364_EA", "productImage": [{"imageUrl": "https://digital.loblaws.ca/PCX/21128364_EA/en/1/21128364_en_front_v3_1200.png", "thumbnailUrl": "https://digital.loblaws.ca/PCX/21128364_EA/en/1/21128364_en_front_v3_120.png", "smallUrl": "https://digital.loblaws.ca/PCX/21128364_EA/en/1/21128364_en_front_v3_250.png", "mediumUrl": "https://digital.loblaws.ca/PCX/21128364_EA/en/1/21128364_en_front_v3_400.png", "largeUrl": "https://digital.loblaws.ca/PCX/21128364_EA/en/1/21128364_en_front_v3_800.png", "extraLargeUrl": "https://digital.loblaws.ca/PCX/21128364_EA/en/1/21128364_en_front_v3_1200.png", "smallRetinaUrl": "https://digital.loblaws.ca/PCX/21128364_EA/en/1/21128364_en_front_v3_250.png", "mediumRetinaUrl": "https://digital.loblaws.ca/PCX/21128364_EA/en/1/21128364_en_front_v3_400.png", "largeRetinaUrl": "https://digital.loblaws.ca/PCX/21128364_EA/en/1/21128364_en_front_v3_800.png"}], "brand": "Fairlife", "title": "Skim Milk", "description": "<p>We are driven by a simple belief: we can always make the world better. Proper nourishment allows us all to grow and thrive. All our milk flows through soft filters to concentrate protein while filtering out half of the natural sugars. Our delicious fairlife ultra-filtered milk has 50% less sugar and 50% more protein than regular chocolate milk. Plus, there are no artificial growth hormones used and it's lactose-free. So sip, drink, and chug as you enjoy our delicious ultra-filtered milk, eh?</p><ul><li>Made with 100% quality Canadian milk</li><li>50% less sugar and 50% more protein than regular chocolate milk</li><li>Delicious, satisfying, and lactose-free</li><li>No artificial growth hormones used</li></ul>", "packageSizing": "1.5 l, $0.50/100ml", "pricing": {"price": "7.49", "wasPrice": null, "displayPrice": "$7.49", "memberOnlyPrice": null, "mopDisplayPrice": null, "ehfTotal": null, "environmentalHandlingFee": null, "taxInfo": ""}, "pricingUnits": {"type": "SOLD_BY_EACH", "unit": "ea", "interval": 1, "minOrderQuantity": 1, "maxOrderQuantity": 24, "weighted": false}, "deal": null, "mopDeal": null, "pcoDeal": null, "inventoryIndicator": null, "offerType": "OG", "offerId": "OG", "action": null, "isVariant": false, "link": "/en/skim-milk/p/21128364_EA", "productVendor": null, "productVariant": null, "textBadge": "", "variantTheme": null, "articleNumber": "21128364", "uom": "EA", "sponsoredCreative": null, "isSponsored": false, "isComplementarySponsored": false, "complementarySponsoredBadgeText": null, "productBadge": {"badgeId": "PREPARED_IN_CANADA", "badgeClass": "badge11", "text": "Prepared in Canada", "icon": {"url": "https://dis-prod.assetful.loblaw.ca/content/dam/loblaw-companies-limited/creative-assets/pc-optimum/global-list/maple-leaf-red.png", "altText": "", "placement": "LEFT"}}}}}
{"store": "Real Canadian Superstore", "site_slug": "realcanadiansuperstore", "source_url": "/search?search-bar=milk&page=1", "scrape_ts": "2025-12-20T23:00:05.458359Z", "external_id": "20178677_EA", "name": "3.25% Homogenized Milk", "brand": "Neilson", "size_text": "1 l, $0.38/100ml", "price": 3.81, "currency": "CAD", "unit_price": 0.38, "unit_price_uom": "100ml", "image_url": "https://digital.loblaws.ca/PCX/20178677_EA/en/1/20178677_en_front_800.png", "category_path": null, "availability": "in_stock", "raw_source": {"type": "next-data", "data": {"index": 31, "promotions": [], "productId": "20178677_EA", "productImage": [{"imageUrl": "https://digital.loblaws.ca/PCX/20178677_EA/en/1/20178677_en_front_1200.png", "thumbnailUrl": "https://digital.loblaws.ca/PCX/20178677_EA/en/1/20178677_en_front_120.png", "smallUrl": "https://digital.loblaws.ca/PCX/20178677_EA/en/1/20178677_en_front_250.png", "mediumUrl": "https://digital.loblaws.ca/PCX/20178677_EA/en/1/20178677_en_front_400.png", "largeUrl": "https://digital.loblaws.ca/PCX/20178677_EA/en/1/20178677_en_front_800.png", "extraLargeUrl": "https://digital.loblaws.ca/PCX/20178677_EA/en/1/20178677_en_front_1200.png", "smallRetinaUrl": "https://digital.loblaws.ca/PCX/20178677_EA/en/1/20178677_en_front_250.png", "mediumRetinaUrl": "https://digital.loblaws.ca/PCX/20178677_EA/en/1/20178677_en_front_400.png", "largeRetinaUrl": "https://digital.loblaws.ca/PCX/20178677_EA/en/1/20178677_en_front_800.png"}], "brand": "Neilson", "title": "3.25% Homogenized Milk", "description": "Fresh, wholesome milk… naturally from Neilson.Since 1893, Neilson has stood for high quality dairy products. Neilson has always been committed to using the best ingredients, people and processes to produce great tasting quality milk you can depend on. Always fresh, always delicious and always an excellent source of calcium, protein and vitamin D.", "packageSizing": "1 l, $0.38/100ml", "pricing": {"price": "3.81", "wasPrice": null, "displayPrice": "$3.81", "memberOnlyPrice": null, "mopDisplayPrice": null, "ehfTotal": null, "environmentalHandlingFee": null, "taxInfo": ""}, "pricingUnits": {"type": "SOLD_BY_EACH", "unit": "ea", "interval": 1, "minOrderQuantity": 1, "maxOrderQuantity": 24, "weighted": false}, "deal": null, "mopDeal": null, "pcoDeal": null, "inventoryIndicator": null, "offerType": "OG", "offerId": "OG", "action": null, "isVariant": false, "link": "/en/3-25-homogenized-milk/p/20178677_EA", "productVendor": null, "productVariant": null, "textBadge": "", "variantTheme": null, "articleNumber": "20178677", "uom": "EA", "sponsoredCreative": null, "isSponsored": false, "isComplementarySponsored": false, "complementarySponsoredBadgeText": null, "productBadge": {"badgeId": "PREPARED_IN_CANADA", "badgeClass": "badge11", "text": "Prepared in Canada", "icon": {"url": "https://dis-prod.assetful.loblaw.ca/content/dam/loblaw-companies-limited/creative-assets/pc-optimum/global-list/maple-leaf-red.png", "altText": "", "placement": "LEFT"}}}}}
{"store": "Real Canadian Superstore", "site_slug": "realcanadiansuperstore", "source_url": "/search?search-bar=milk&page=1", "scrape_ts": "2025-12-20T23:00:05.458359Z", "external_id": "21163394_EA", "name": "2% Ultrafiltered Partly Skimmed Milk", "brand": "Neilson", "size_text": "1 l, $0.48/100ml", "price": 4.83, "currency": "CAD", "unit_price": 0.48, "unit_price_uom": "100ml", "image_url": "https://digital.loblaws.ca/PCX/21163394_EA/en/1/21163394_en_front_v2_800.png", "category_path": null, "availability": "in_stock", "raw_source": {"type": "next-data", "data": {"index": 32, "promotions": [], "productId": "21163394_EA", "productImage": [{"imageUrl": "https://digital.loblaws.ca/PCX/21163394_EA/en/1/21163394_en_front_v2_1200.png", "thumbnailUrl": "https://digital.loblaws.ca/PCX/21163394_EA/en/1/21163394_en_front_v2_120.png", "smallUrl": "https://digital.loblaws.ca/PCX/21163394_EA/en/1/21163394_en_front_v2_250.png", "mediumUrl": "https://digital.loblaws.ca/PCX/21163394_EA/en/1/21163394_en_front_v2_400.png", "largeUrl": "https://digital.loblaws.ca/PCX/21163394_EA/en/1/21163394_en_front_v2_800.png", "extraLargeUrl": "https://digital.loblaws.ca/PCX/21163394_EA/en/1/21163394_en_front_v2_1200.png", "smallRetinaUrl": "https://digital.loblaws.ca/PCX/21163394_EA/en/1/21163394_en_front_v2_250.png", "mediumRetinaUrl": "https://digital.loblaws.ca/PCX/21163394_EA/en/1/21163394_en_front_v2_400.png", "largeRetinaUrl": "https://digital.loblaws.ca/PCX/21163394_EA/en/1/21163394_en_front_v2_800.png"}], "brand": "Neilson", "title": "2% Ultrafiltered Partly Skimmed Milk", "description": "<p>Neilson. Part of your family since 1893.Neilson Ultrafiltered Partly Skimmed Milk offers a smooth, balanced taste with the power of 18 grams of protein from milk in every 250 mL serving. Made from 100% Canadian milk, it’s crafted using a fine filtration process that concentrates natural protein and reduces lactose. The result is a creamy, satisfying drink enriched with milk protein concentrate and no added sugar.</p>", "packageSizing": "1 l, $0.48/100ml", "pricing": {"price": "4.83", "wasPrice": null, "displayPrice": "$4.83", "memberOnlyPrice": null, "mopDisplayPrice": null, "ehfTotal": null, "environmentalHandlingFee": null, "taxInfo": ""}, "pricingUnits": {"type": "SOLD_BY_EACH", "unit": "ea", "interval": 1, "minOrderQuantity": 1, "maxOrderQuantity": 24, "weighted": false}, "deal": null, "mopDeal": null, "pcoDeal": null, "inventoryIndicator": null, "offerType": "OG", "offerId": "OG", "action": null, "isVariant": false, "link": "/en/2-ultrafiltered-partly-skimmed-milk/p/21163394_EA", "productVendor": null, "productVariant": null, "textBadge": "", "variantTheme": null, "articleNumber": "21163394", "uom": "EA", "sponsoredCreative": null, "isSponsored": false, "isComplementarySponsored": false, "complementarySponsoredBadgeText": null, "productBadge": {"badgeId": "PREPARED_IN_CANADA", "badgeClass": "badge11", "text": "Prepared in Canada", "icon": {"url": "https://dis-prod.assetful.loblaw.ca/content/dam/loblaw-companies-limited/creative-assets/pc-optimum/global-list/maple-leaf-red.png", "altText": "", "placement": "LEFT"}}}}}
{"store": "Real Canadian Superstore", "site_slug": "realcanadiansuperstore", "source_url": "/search?search-bar=milk&page=1", "scrape_ts": "2025-12-20T23:00:05.458359Z", "external_id": "20835553001_EA", "name": "Grass Fed 2% Milk", "brand": "Rolling Meadow", "size_text": "2 l, $0.35/100ml", "price": 6.99, "currency": "CAD", "unit_price": 0.35, "unit_price_uom": "100ml", "image_url": "https://digital.loblaws.ca/PCX/20835553001_EA/en/1/20835553001_en_front_v1_800.png", "category_path": null, "availability": "in_stock", "raw_source": {"type": "next-data", "data": {"index": 33, "promotions": [], "productId": "20835553001_EA", "productImage": [{"imageUrl": "https://digital.loblaws.ca/PCX/20835553001_EA/en/1/20835553001_en_front_v1_1200.png", "thumbnailUrl": "https://digital.loblaws.ca/PCX/20835553001_EA/en/1/20835553001_en_front_v1_120.png", "smallUrl": "https://digital.loblaws.ca/PCX/20835553001_EA/en/1/20835553001_en_front_v1_250.png", "mediumUrl": "https://digital.loblaws.ca/PCX/20835553001_EA/en/1/20835553001_en_front_v1_400.png", "largeUrl": "https://digital.loblaws.ca/PCX/20835553001_EA/en/1/20835553001_en_front_v1_800.png", "extraLargeUrl": "https://digital.loblaws.ca/PCX/20835553001_EA/en/1/20835553001_en_front_v1_1200.png", "smallRetinaUrl": "https://digital.loblaws.ca/PCX/20835553001_EA/en/1/20835553001_en_front_v1_250.png", "mediumRetinaUrl": "https://digital.loblaws.ca/PCX/20835553001_EA/en/1/20835553001_en_front_v1_400.png", "largeRetinaUrl": "https://digital.loblaws.ca/PCX/20835553001_EA/en/1/20835553001_en_front_v1_800.png"}], "brand": "Rolling Meadow", "title": "Grass Fed 2% Milk", "description": "Rich in nutrients, milk has been a food staple for centuries. Used in cooking, baking or simply as a wholesome beverage, Milk is a great way to get calcium and protein into your diet. Whole milk contains at least 3.25% milk fat. When a portion of the milk’s fat is removed, it becomes partly skimmed milk, such as 2% milk and 1% milk, depending on the quantity removed. Skim milk is virtually fat-free, with only about 0.1% fat.", "packageSizing": "2 l, $0.35/100ml", "pricing": {"price": "6.99", "wasPrice": null, "displayPrice": "$6.99", "memberOnlyPrice": null, "mopDisplayPrice": null, "ehfTotal": null, "environmentalHandlingFee": null, "taxInfo": ""}, "pricingUnits": {"type": "SOLD_BY_EACH", "unit": "ea", "interval": 1, "minOrderQuantity": 1, "maxOrderQuantity": 24, "weighted": false}, "deal": null, "mopDeal": null, "pcoDeal": null, "inventoryIndicator": null, "offerType": "OG", "offerId": "OG", "action": null, "isVariant": false, "link": "/en/grass-fed-2-milk/p/20835553001_EA", "productVendor": null, "productVariant": null, "textBadge": "", "variantTheme": null, "articleNumber": "20835553001", "uom": "EA", "sponsoredCreative": null, "isSponsored": false, "isComplementarySponsored": false, "complementarySponsoredBadgeText": null, "productBadge": {"badgeId": "PREPARED_IN_CANADA", "badgeClass": "badge11", "text": "Prepared in Canada", "icon": {"url": "https://dis-prod.assetful.loblaw.ca/content/dam/loblaw-companies-limited/creative-assets/pc-optimum/global-list/maple-leaf-red.png", "altText": "", "placement": "LEFT"}}}}}
{"store": "Real Canadian Superstore", "site_slug": "realcanadiansuperstore", "source_url": "/search?search-bar=milk&page=1", "scrape_ts": "2025-12-20T23:00:05.458359Z", "external_id": "21424994_EA", "name": "PūrFiltre Milk 3.25% Homogenized", "brand": "Lactantia", "size_text": "2 l, $0.31/100ml", "price": 6.1, "currency": "CAD", "unit_price": 0.31, "unit_price_uom": "100ml", "image_url": "https://digital.loblaws.ca/PCX/21424994_EA/en/1/21424994_en_front_800.png", "category_path": null, "availability": "in_stock", "raw_source": {"type": "next-data", "data": {"index": 34, "promotions": [], "productId": "21424994_EA", "productImage": [{"imageUrl": "https://digital.loblaws.ca/PCX/21424994_EA/en/1/21424994_en_front_1200.png", "thumbnailUrl": "https://digital.loblaws.ca/PCX/21424994_EA/en/1/21424994_en_front_120.png", "smallUrl": "https://digital.loblaws.ca/PCX/21424994_EA/en/1/21424994_en_front_250.png", "mediumUrl": "https://digital.loblaws.ca/PCX/21424994_EA/en/1/21424994_en_front_400.png", "largeUrl": "https://digital.loblaws.ca/PCX/21424994_EA/en/1/21424994_en_front_800.png", "extraLargeUrl": "https://digital.loblaws.ca/PCX/21424994_EA/en/1/21424994_en_front_1200.png", "smallRetinaUrl": "https://digital.loblaws.ca/PCX/21424994_EA/en/1/21424994_en_front_250.png", "mediumRetinaUrl": "https://digital.loblaws.ca/PCX/21424994_EA/en/1/21424994_en_front_400.png", "largeRetinaUrl": "https://digital.loblaws.ca/PCX/21424994_EA/en/1/21424994_en_front_800.png"}], "brand": "Lactantia", "title": "PūrFiltre Milk 3.25% Homogenized", "description": null, "packageSizing": "2 l, $0.31/100ml", "pricing": {"price": "6.10", "wasPrice": null, "displayPrice": "$6.10", "memberOnlyPrice": null, "mopDisplayPrice": null, "ehfTotal": null, "environmentalHandlingFee": null, "taxInfo": ""}, "pricingUnits": {"type": "SOLD_BY_EACH", "unit": "ea", "interval": 1, "minOrderQuantity": 1, "maxOrderQuantity": 24, "weighted": false}, "deal": null, "mopDeal": null, "pcoDeal": null, "inventoryIndicator": null, "offerType": "OG", "offerId": "OG", "action": null, "isVariant": false, "link": "/en/p-rfiltre-milk-3-25-homogenized/p/21424994_EA", "productVendor": null, "productVariant": null, "textBadge": "", "variantTheme": null, "articleNumber": "21424994", "uom": "EA", "sponsoredCreative": null, "isSponsored": false, "isComplementarySponsored": false, "complementarySponsoredBadgeText": null, "productBadge": {"badgeId": "PREPARED_IN_CANADA", "badgeClass": "badge11", "text": "Prepared in Canada", "icon": {"url": "https://dis-prod.assetful.loblaw.ca/content/dam/loblaw-companies-limited/creative-assets/pc-optimum/global-list/maple-leaf-red.png", "altText": "", "placement": "LEFT"}}}}}
{"store": "Real Canadian Superstore", "site_slug": "realcanadiansuperstore", "source_url": "/search?search-bar=milk&page=1", "scrape_ts": "2025-12-20T23:00:05.458359Z", "external_id": "21694606_EA", "name": "Ultrapur Protein Ultra-Filtered Milk 3.25%", "brand": "Lactantia", "size_text": "1.5 l, $0.43/100ml", "price": 6.49, "currency": "CAD", "unit_price": 0.43, "unit_price_uom": "100ml", "image_url": "https://digital.loblaws.ca/PCX/21694606_EA/en/1/21694606_en_front_v1_800.png", "category_path": null, "availability": "in_stock", "raw_source": {"type": "next-data", "data": {"index": 35, "promotions": [], "productId": "21694606_EA", "productImage": [{"imageUrl": "https://digital.loblaws.ca/PCX/21694606_EA/en/1/21694606_en_front_v1_1200.png", "thumbnailUrl": "https://digital.loblaws.ca/PCX/21694606_EA/en/1/21694606_en_front_v1_120.png", "smallUrl": "https://digital.loblaws.ca/PCX/21694606_EA/en/1/21694606_en_front_v1_250.png", "mediumUrl": "https://digital.loblaws.ca/PCX/21694606_EA/en/1/21694606_en_front_v1_400.png", "largeUrl": "https://digital.loblaws.ca/PCX/21694606_EA/en/1/21694606_en_front_v1_800.png", "extraLargeUrl": "https://digital.loblaws.ca/PCX/21694606_EA/en/1/21694606_en_front_v1_1200.png", "smallRetinaUrl": "https://digital.loblaws.ca/PCX/21694606_EA/en/1/21694606_en_front_v1_250.png", "mediumRetinaUrl": "https://digital.loblaws.ca/PCX/21694606_EA/en/1/21694606_en_front_v1_400.png", "largeRetinaUrl": "https://digital.loblaws.ca/PCX/21694606_EA/en/1/21694606_en_front_v1_800.png"}], "brand": "Lactantia", "title": "Ultrapur Protein Ultra-Filtered Milk 3.25%", "description": "<p>Get more of what you want with Lactantia UltraPur Ultrafiltered Milk. Unlike regular milk, this whole high protein milk is also ideal for those who require lactose free milk. Sourced from Canadian dairies, every drop of this 3.25% high-protein milk is carefully filtered to provide a smooth, pure taste that stays fresh longer without preservatives. Source of 10 essential nutrients and no sugar added, this homogenized milk is a nutritious and delicious choice for the whole family. A delightful, refreshing choice on its own, with cereal, or in blended coffee drinks. Rediscover the power of farm-fresh flavour with ultrafiltered milk. Lactantia, for Milk Connoisseurs!</p><ul><li>Made with ultrafiltered milk that stays fresh longer without preservatives</li><li>100% Canadian milk from Canadian dairies</li><li>20g of protein per serving</li><li>Lactose free</li><li>3.25% M.F.</li><li>Source of 10 essential nutrients</li><li>No added sugar</li><li>1.5 L</li></ul>", "packageSizing": "1.5 l, $0.43/100ml", "pricing": {"price": "6.49", "wasPrice": null, "displayPrice": "$6.49", "memberOnlyPrice": null, "mopDisplayPrice": null, "ehfTotal": null, "environmentalHandlingFee": null, "taxInfo": ""}, "pricingUnits": {"type": "SOLD_BY_EACH", "unit": "ea", "interval": 1, "minOrderQuantity": 1, "maxOrderQuantity": 25, "weighted": false}, "deal": null, "mopDeal": null, "pcoDeal": null, "inventoryIndicator": null, "offerType": "OG", "offerId": "OG", "action": null, "isVariant": false, "link": "/en/ultrapur-protein-ultra-filtered-milk-3-25/p/21694606_EA", "productVendor": null, "productVariant": null, "textBadge": "", "variantTheme": null, "articleNumber": "21694606", "uom": "EA", "sponsoredCreative": null, "isSponsored": false, "isComplementarySponsored": false, "complementarySponsoredBadgeText": null, "productBadge": null}}}
{"store": "Real Canadian Superstore", "site_slug": "realcanadiansuperstore", "source_url": "/search?search-bar=milk&page=1", "scrape_ts": "2025-12-20T23:00:05.458359Z", "external_id": "20794060004_EA", "name": "Almond Breeze Unsweetened Almond Milk, Original", "brand": "Blue Diamond", "size_text": "1.89 l, $0.24/100ml", "price": 4.49, "currency": "CAD", "unit_price": 0.24, "unit_price_uom": "100ml", "image_url": "https://digital.loblaws.ca/PCX/20794060004_EA/en/1/4157010918_en_front_centre_marketing_A_1_GS1_Ecommerce_800.png", "category_path": null, "availability": "in_stock", "raw_source": {"type": "next-data", "data": {"index": 36, "promotions": [{"type": "DEAL", "quantity": null, "savings": null, "value": null, "promoCode": "000002808753", "expiryDate": "9999-12-31T00:00:00Z", "title": null, "promoType": null, "pricingMethod": "3", "text": "PC Optimum Points", "reward": "$_FIXED", "callToAction": {"text": "Shop Offer", "url": "/shop-by-promo/000002808753"}}], "productId": "20794060004_EA", "productImage": [{"imageUrl": "https://digital.loblaws.ca/PCX/20794060004_EA/en/1/4157010918_en_front_centre_marketing_A_1_GS1_Ecommerce_1200.png", "thumbnailUrl": "https://digital.loblaws.ca/PCX/20794060004_EA/en/1/4157010918_en_front_centre_marketing_A_1_GS1_Ecommerce_120.png", "smallUrl": "https://digital.loblaws.ca/PCX/20794060004_EA/en/1/4157010918_en_front_centre_marketing_A_1_GS1_Ecommerce_250.png", "mediumUrl": "https://digital.loblaws.ca/PCX/20794060004_EA/en/1/4157010918_en_front_centre_marketing_A_1_GS1_Ecommerce_400.png", "largeUrl": "https://digital.loblaws.ca/PCX/20794060004_EA/en/1/4157010918_en_front_centre_marketing_A_1_GS1_Ecommerce_800.png", "extraLargeUrl": "https://digital.loblaws.ca/PCX/20794060004_EA/en/1/4157010918_en_front_centre_marketing_A_1_GS1_Ecommerce_1200.png", "smallRetinaUrl": "https://digital.loblaws.ca/PCX/20794060004_EA/en/1/4157010918_en_front_centre_marketing_A_1_GS1_Ecommerce_250.png", "mediumRetinaUrl": "https://digital.loblaws.ca/PCX/20794060004_EA/en/1/4157010918_en_front_centre_marketing_A_1_GS1_Ecommerce_400.png", "largeRetinaUrl": "https://digital.loblaws.ca/PCX/20794060004_EA/en/1/4157010918_en_front_centre_marketing_A_1_GS1_Ecommerce_800.png"}], "brand": "Blue Diamond", "title": "Almond Breeze Unsweetened Almond Milk, Original", "description": "Almond Breeze is a delicious way to be good to yourself!.<br><br>From The Almond People", "packageSizing": "1.89 l, $0.24/100ml", "pricing": {"price": "4.49", "wasPrice": null, "displayPrice": "$4.49", "memberOnlyPrice": null, "mopDisplayPrice": null, "ehfTotal": null, "environmentalHandlingFee": null, "taxInfo": ""}, "pricingUnits": {"type": "SOLD_BY_EACH", "unit": "ea", "interval": 1, "minOrderQuantity": 1, "maxOrderQuantity": 24, "weighted": false}, "deal": {"type": "MULTI", "text": "$4.00 MIN 2", "points": 0, "name": "MULTI", "expiryDate": null, "dealPrice": null}, "mopDeal": null, "pcoDeal": null, "inventoryIndicator": {"indicatorId": "LOW", "text": "Low Stock"}, "offerType": "OG", "offerId": "OG", "action": null, "isVariant": false, "link": "/en/almond-breeze-unsweetened-almond-milk-original/p/20794060004_EA", "productVendor": null, "productVariant": null, "textBadge": "low-inventory", "variantTheme": null, "articleNumber": "20794060004", "uom": "EA", "sponsoredCreative": null, "isSponsored": false, "isComplementarySponsored": false, "complementarySponsoredBadgeText": null, "productBadge": {"badgeId": "SUBSCRIBE_EARN", "badgeClass": "badge06", "text": "Subscribe & Earn", "icon": null}}}}
{"store": "Real Canadian Superstore", "site_slug": "realcanadiansuperstore", "source_url": "/search?search-bar=milk&page=1", "scrape_ts": "2025-12-20T23:00:05.458359Z", "external_id": "21694529_EA", "name": "Ultrapur Protein Ultra-Filtered Milk 0%", "brand": "Lactantia", "size_text": "1.5 l, $0.43/100ml", "price": 6.49, "currency": "CAD", "unit_price": 0.43, "unit_price_uom": "100ml", "image_url": "https://digital.loblaws.ca/PCX/21694529_EA/en/1/21694529_en_front_v1_800.png", "category_path": null, "availability": "out_of_stock", "raw_source": {"type": "next-data", "data": {"index": 37, "promotions": [], "productId": "21694529_EA", "productImage": [{"imageUrl": "https://digital.loblaws.ca/PCX/21694529_EA/en/1/21694529_en_front_v1_1200.png", "thumbnailUrl": "https://digital.loblaws.ca/PCX/21694529_EA/en/1/21694529_en_front_v1_120.png", "smallUrl": "https://digital.loblaws.ca/PCX/21694529_EA/en/1/21694529_en_front_v1_250.png", "mediumUrl": "https://digital.loblaws.ca/PCX/21694529_EA/en/1/21694529_en_front_v1_400.png", "largeUrl": "https://digital.loblaws.ca/PCX/21694529_EA/en/1/21694529_en_front_v1_800.png", "extraLargeUrl": "https://digital.loblaws.ca/PCX/21694529_EA/en/1/21694529_en_front_v1_1200.png", "smallRetinaUrl": "https://digital.loblaws.ca/PCX/21694529_EA/en/1/21694529_en_front_v1_250.png", "mediumRetinaUrl": "https://digital.loblaws.ca/PCX/21694529_EA/en/1/21694529_en_front_v1_400.png", "largeRetinaUrl": "https://digital.loblaws.ca/PCX/21694529_EA/en/1/21694529_en_front_v1_800.png"}], "brand": "Lactantia", "title": "Ultrapur Protein Ultra-Filtered Milk 0%", "description": "<p>Get more of what you want with Lactantia UltraPur Ultrafiltered Milk. Unlike regular milk, this skimmed high protein milk is also ideal for those who require lactose free milk. Sourced from Canadian dairies, every drop of this 0% high-protein milk is carefully filtered to provide a smooth, pure taste that stays fresh longer without preservatives. Source of 10 essential nutrients and no sugar added, this fat-free milk is a nutritious and delicious choice for the whole family. A delightful, refreshing choice on its own, with cereal, or in blended coffee drinks. Rediscover the power of farm-fresh flavour with ultrafiltered milk. Lactantia, for Milk Connoisseurs!</p><ul><li>Made with ultrafiltered milk that stays fresh longer without preservatives</li><li>100% Canadian milk from Canadian dairies</li><li>20g of protein per serving</li><li>Lactose free</li><li>0% M.F.</li><li>Source of 10 essential nutrients</li><li>No added sugar</li><li>1.5 L</li></ul>", "packageSizing": "1.5 l, $0.43/100ml", "pricing": {"price": "6.49", "wasPrice": null, "displayPrice": "$6.49", "memberOnlyPrice": null, "mopDisplayPrice": null, "ehfTotal": null, "environmentalHandlingFee": null, "taxInfo": ""}, "pricingUnits": {"type": "SOLD_BY_EACH", "unit": "ea", "interval": 1, "minOrderQuantity": 1, "maxOrderQuantity": 25, "weighted": false}, "deal": null, "mopDeal": null, "pcoDeal": null, "inventoryIndicator": {"indicatorId": "OUT", "text": "Out of Stock"}, "offerType": "OG", "offerId": "OG", "action": null, "isVariant": false, "link": "/en/ultrapur-protein-ultra-filtered-milk-0/p/21694529_EA", "productVendor": null, "productVariant": null, "textBadge": "out-of-stock", "variantTheme": null, "articleNumber": "21694529", "uom": "EA", "sponsoredCreative": null, "isSponsored": false, "isComplementarySponsored": false, "complementarySponsoredBadgeText": null, "productBadge": null}}}
{"store": "Real Canadian Superstore", "site_slug": "realcanadiansuperstore", "source_url": "/search?search-bar=milk&page=1", "scrape_ts": "2025-12-20T23:00:05.458359Z", "external_id": "20075226_EA", "name": "0% Microfiltered Milk", "brand": "Neilson", "size_text": "4 l, $0.17/100ml", "price": 6.88, "currency": "CAD", "unit_price": 0.17, "unit_price_uom": "100ml", "image_url": "https://digital.loblaws.ca/PCX/20075226_EA/en/1/20075226_en_front_v1_800.png", "category_path": null, "availability": "in_stock", "raw_source": {"type": "next-data", "data": {"index": 38, "promotions": [], "productId": "20075226_EA", "productImage": [{"imageUrl": "https://digital.loblaws.ca/PCX/20075226_EA/en/1/20075226_en_front_v1_1200.png", "thumbnailUrl": "https://digital.loblaws.ca/PCX/20075226_EA/en/1/20075226_en_front_v1_120.png", "smallUrl": "https://digital.loblaws.ca/PCX/20075226_EA/en/1/20075226_en_front_v1_250.png", "mediumUrl": "https://digital.loblaws.ca/PCX/20075226_EA/en/1/20075226_en_front_v1_400.png", "largeUrl": "https://digital.loblaws.ca/PCX/20075226_EA/en/1/20075226_en_front_v1_800.png", "extraLargeUrl": "https://digital.loblaws.ca/PCX/20075226_EA/en/1/20075226_en_front_v1_1200.png", "smallRetinaUrl": "https://digital.loblaws.ca/PCX/20075226_EA/en/1/20075226_en_front_v1_250.png", "mediumRetinaUrl": "https://digital.loblaws.ca/PCX/20075226_EA/en/1/20075226_en_front_v1_400.png", "largeRetinaUrl": "https://digital.loblaws.ca/PCX/20075226_EA/en/1/20075226_en_front_v1_800.png"}], "brand": "Neilson", "title": "0% Microfiltered Milk", "description": "Fresh, wholesome milk… naturally from Neilson.Since 1893, Neilson has stood for high quality dairy products. Neilson has always been committed to using the best ingredients, people and processes to produce great tasting quality milk you can depend on. Always fresh, always delicious and always an excellent source of calcium, protein and vitamin D.", "packageSizing": "4 l, $0.17/100ml", "pricing": {"price": "6.88", "wasPrice": null, "displayPrice": "$6.88", "memberOnlyPrice": null, "mopDisplayPrice": null, "ehfTotal": null, "environmentalHandlingFee": null, "taxInfo": ""}, "pricingUnits": {"type": "SOLD_BY_EACH", "unit": "ea", "interval": 1, "minOrderQuantity": 1, "maxOrderQuantity": 24, "weighted": false}, "deal": null, "mopDeal": null, "pcoDeal": null, "inventoryIndicator": null, "offerType": "OG", "offerId": "OG", "action": null, "isVariant": false, "link": "/en/0-microfiltered-milk/p/20075226_EA", "productVendor": null, "productVariant": null, "textBadge": "", "variantTheme": null, "articleNumber": "20075226", "uom": "EA", "sponsoredCreative": null, "isSponsored": false, "isComplementarySponsored": false, "complementarySponsoredBadgeText": null, "productBadge": {"badgeId": "PREPARED_IN_CANADA", "badgeClass": "badge11", "text": "Prepared in Canada", "icon": {"url": "https://dis-prod.assetful.loblaw.ca/content/dam/loblaw-companies-limited/creative-assets/pc-optimum/global-list/maple-leaf-red.png", "altText": "", "placement": "LEFT"}}}}}
{"store": "Real Canadian Superstore", "site_slug": "realcanadiansuperstore", "source_url": "/search?search-bar=milk&page=1", "scrape_ts": "2025-12-20T23:00:05.458359Z", "external_id": "21239130_EA", "name": "Ultrapur Ultra-Filtered Chocolate Milk 1%", "brand": "Lactantia", "size_text": "1.5 l, $0.43/100ml", "price": 6.49, "currency": "CAD", "unit_price": 0.43, "unit_price_uom": "100ml", "image_url": "https://digital.loblaws.ca/PCX/21239130_EA/en/1/21239130_en_front_v1_800.png", "category_path": null, "availability": "in_stock", "raw_source": {"type": "next-data", "data": {"index": 39, "promotions": [], "productId": "21239130_EA", "productImage": [{"imageUrl": "https://digital.loblaws.ca/PCX/21239130_EA/en/1/21239130_en_front_v1_1200.png", "thumbnailUrl": "https://digital.loblaws.ca/PCX/21239130_EA/en/1/21239130_en_front_v1_120.png", "smallUrl": "https://digital.loblaws.ca/PCX/21239130_EA/en/1/21239130_en_front_v1_250.png", "mediumUrl": "https://digital.loblaws.ca/PCX/21239130_EA/en/1/21239130_en_front_v1_400.png", "largeUrl": "https://digital.loblaws.ca/PCX/21239130_EA/en/1/21239130_en_front_v1_800.png", "extraLargeUrl": "https://digital.loblaws.ca/PCX/21239130_EA/en/1/21239130_en_front_v1_1200.png", "smallRetinaUrl": "https://digital.loblaws.ca/PCX/21239130_EA/en/1/21239130_en_front_v1_250.png", "mediumRetinaUrl": "https://digital.loblaws.ca/PCX/21239130_EA/en/1/21239130_en_front_v1_400.png", "largeRetinaUrl": "https://digital.loblaws.ca/PCX/21239130_EA/en/1/21239130_en_front_v1_800.png"}], "brand": "Lactantia", "title": "Ultrapur Ultra-Filtered Chocolate Milk 1%", "description": "<p>Get more of what you want with a delicious twist with Lactantia UltraPur Chocolate Milk. This partly skimmed milk contains 50% more protein than regular chocolate milk and is made with no artificial sweeteners. Sourced from Canadian dairies, every drop of this high-protein 1% milk is carefully filtered to provide a smooth, pure taste that stays fresh longer without preservatives. Source of 10 essential nutrients, this low-fat milk is a nutritious and delicious choice for the whole family. Rediscover the power of farm-fresh flavour with ultrafiltered milk. Lactantia, for Milk Connoisseurs!</p><ul><li>Made with ultrafiltered milk that stays fresh longer without preservatives</li><li>Delicious chocolate flavour</li><li>No artificial sweeteners</li><li>100% Canadian milk from Canadian dairies</li><li>14g of protein per serving</li><li>1% M.F.</li><li>Source of 10 essential nutrients</li><li>No added sugar</li><li>1.5 L</li></ul>", "packageSizing": "1.5 l, $0.43/100ml", "pricing": {"price": "6.49", "wasPrice": null, "displayPrice": "$6.49", "memberOnlyPrice": null, "mopDisplayPrice": null, "ehfTotal": null, "environmentalHandlingFee": null, "taxInfo": ""}, "pricingUnits": {"type": "SOLD_BY_EACH", "unit": "ea", "interval": 1, "minOrderQuantity": 1, "maxOrderQuantity": 24, "weighted": false}, "deal": null, "mopDeal": null, "pcoDeal": null, "inventoryIndicator": null, "offerType": "OG", "offerId": "OG", "action": null, "isVariant": false, "link": "/en/ultrapur-ultra-filtered-chocolate-milk-1/p/21239130_EA", "productVendor": null, "productVariant": null, "textBadge": "", "variantTheme": null, "articleNumber": "21239130", "uom": "EA", "sponsoredCreative": null, "isSponsored": false, "isComplementarySponsored": false, "complementarySponsoredBadgeText": null, "productBadge": {"badgeId": "PREPARED_IN_CANADA", "badgeClass": "badge11", "text": "Prepared in Canada", "icon": {"url": "https://dis-prod.assetful.loblaw.ca/content/dam/loblaw-companies-limited/creative-assets/pc-optimum/global-list/maple-leaf-red.png", "altText": "", "placement": "LEFT"}}}}}
{"store": "Real Canadian Superstore", "site_slug": "realcanadiansuperstore", "source_url": "/search?search-bar=milk&page=1", "scrape_ts": "2025-12-20T23:00:05.458359Z", "external_id": "20107219004_EA", "name": "Almond Breeze Natural Almond, Unsweetened", "brand": "Blue Diamond", "size_text": "946 ml, $0.32/100ml", "price": 2.99, "currency": "CAD", "unit_price": 0.32, "unit_price_uom": "100ml", "image_url": "https://digital.loblaws.ca/PCX/20107219004_EA/en/1/20107219004_en_front_800.png", "category_path": null, "availability": "in_stock", "raw_source": {"type": "next-data", "data": {"index": 40, "promotions": [], "productId": "20107219004_EA", "productImage": [{"imageUrl": "https://digital.loblaws.ca/PCX/20107219004_EA/en/1/20107219004_en_front_1200.png", "thumbnailUrl": "https://digital.loblaws.ca/PCX/20107219004_EA/en/1/20107219004_en_front_120.png", "smallUrl": "https://digital.loblaws.ca/PCX/20107219004_EA/en/1/20107219004_en_front_250.png", "mediumUrl": "https://digital.loblaws.ca/PCX/20107219004_EA/en/1/20107219004_en_front_400.png", "largeUrl": "https://digital.loblaws.ca/PCX/20107219004_EA/en/1/20107219004_en_front_800.png", "extraLargeUrl": "https://digital.loblaws.ca/PCX/20107219004_EA/en/1/20107219004_en_front_1200.png", "smallRetinaUrl": "https://digital.loblaws.ca/PCX/20107219004_EA/en/1/20107219004_en_front_250.png", "mediumRetinaUrl": "https://digital.loblaws.ca/PCX/20107219004_EA/en/1/20107219004_en_front_400.png", "largeRetinaUrl": "https://digital.loblaws.ca/PCX/20107219004_EA/en/1/20107219004_en_front_800.png"}], "brand": "Blue Diamond", "title": "Almond Breeze Natural Almond, Unsweetened", "description": "Blue Diamond's Almond Breeze Unsweetened beverage is an excellent addition to your daily routine. Use it in your morning cereals or as a base for your homemade sauces to enhance your meals with ease. Blue Diamond's Almond Breeze provides a simple way to incorporate plant-based options into your diet.", "packageSizing": "946 ml, $0.32/100ml", "pricing": {"price": "2.99", "wasPrice": "$3.49", "displayPrice": "$2.99", "memberOnlyPrice": null, "mopDisplayPrice": null, "ehfTotal": null, "environmentalHandlingFee": null, "taxInfo": ""}, "pricingUnits": {"type": "SOLD_BY_EACH", "unit": "ea", "interval": 1, "minOrderQuantity": 1, "maxOrderQuantity": 24, "weighted": false}, "deal": {"type": "SALE", "text": "SAVE $0.50", "points": 0, "name": "SALE", "expiryDate": "2025-12-31T00:00:00Z", "dealPrice": null}, "mopDeal": null, "pcoDeal": null, "inventoryIndicator": null, "offerType": "OG", "offerId": "OG", "action": null, "isVariant": false, "link": "/en/almond-breeze-natural-almond-unsweetened/p/20107219004_EA", "productVendor": null, "productVariant": null, "textBadge": "", "variantTheme": null, "articleNumber": "20107219004", "uom": "EA", "sponsoredCreative": null, "isSponsored": false, "isComplementarySponsored": false, "complementarySponsoredBadgeText": null, "productBadge": {"badgeId": "SUBSCRIBE_EARN", "badgeClass": "badge06", "text": "Subscribe & Earn", "icon": null}}}}
{"store": "Real Canadian Superstore", "site_slug": "realcanadiansuperstore", "source_url": "/search?search-bar=milk&page=1", "scrape_ts": "2025-12-20T23:00:05.458359Z", "external_id": "20172914_EA", "name": "0% Skim Milk", "brand": "Neilson", "size_text": "4 l, $0.16/100ml", "price": 6.25, "currency": "CAD", "unit_price": 0.16, "unit_price_uom": "100ml", "image_url": "https://digital.loblaws.ca/PCX/20172914_EA/en/1/20172914_en_front_v1_800.png", "category_path": null, "availability": "in_stock", "raw_source": {"type": "next-data", "data": {"index": 41, "promotions": [], "productId": "20172914_EA", "productImage": [{"imageUrl": "https://digital.loblaws.ca/PCX/20172914_EA/en/1/20172914_en_front_v1_1200.png", "thumbnailUrl": "https://digital.loblaws.ca/PCX/20172914_EA/en/1/20172914_en_front_v1_120.png", "smallUrl": "https://digital.loblaws.ca/PCX/20172914_EA/en/1/20172914_en_front_v1_250.png", "mediumUrl": "https://digital.loblaws.ca/PCX/20172914_EA/en/1/20172914_en_front_v1_400.png", "largeUrl": "https://digital.loblaws.ca/PCX/20172914_EA/en/1/20172914_en_front_v1_800.png", "extraLargeUrl": "https://digital.loblaws.ca/PCX/20172914_EA/en/1/20172914_en_front_v1_1200.png", "smallRetinaUrl": "https://digital.loblaws.ca/PCX/20172914_EA/en/1/20172914_en_front_v1_250.png", "mediumRetinaUrl": "https://digital.loblaws.ca/PCX/20172914_EA/en/1/20172914_en_front_v1_400.png", "largeRetinaUrl": "https://digital.loblaws.ca/PCX/20172914_EA/en/1/20172914_en_front_v1_800.png"}], "brand": "Neilson", "title": "0% Skim Milk", "description": "Fresh, wholesome milk… naturally from Neilson.Since 1893, Neilson has stood for high quality dairy products. Neilson has always been committed to using the best ingredients, people and processes to produce great tasting quality milk you can depend on. Always fresh, always delicious and always an excellent source of calcium, protein and vitamin D.", "packageSizing": "4 l, $0.16/100ml", "pricing": {"price": "6.25", "wasPrice": null, "displayPrice": "$6.25", "memberOnlyPrice": null, "mopDisplayPrice": null, "ehfTotal": null, "environmentalHandlingFee": null, "taxInfo": ""}, "pricingUnits": {"type": "SOLD_BY_EACH", "unit": "ea", "interval": 1, "minOrderQuantity": 1, "maxOrderQuantity": 24, "weighted": false}, "deal": null, "mopDeal": null, "pcoDeal": null, "inventoryIndicator": null, "offerType": "OG", "offerId": "OG", "action": null, "isVariant": false, "link": "/en/0-skim-milk/p/20172914_EA", "productVendor": null, "productVariant": null, "textBadge": "", "variantTheme": null, "articleNumber": "20172914", "uom": "EA", "sponsoredCreative": null, "isSponsored": false, "isComplementarySponsored": false, "complementarySponsoredBadgeText": null, "productBadge": {"badgeId": "PREPARED_IN_CANADA", "badgeClass": "badge11", "text": "Prepared in Canada", "icon": {"url": "https://dis-prod.assetful.loblaw.ca/content/dam/loblaw-companies-limited/creative-assets/pc-optimum/global-list/maple-leaf-red.png", "altText": "", "placement": "LEFT"}}}}}
{"store": "Real Canadian Superstore", "site_slug": "realcanadiansuperstore", "source_url": "/search?search-bar=milk&page=1", "scrape_ts": "2025-12-20T23:00:05.458359Z", "external_id": "21163398_EA", "name": "3.25% Ultrafiltered Homogenized Milk", "brand": "Neilson", "size_text": "1 l, $0.48/100ml", "price": 4.83, "currency": "CAD", "unit_price": 0.48, "unit_price_uom": "100ml", "image_url": "https://digital.loblaws.ca/PCX/21163398_EA/en/1/21163398_en_front_v2_800.png", "category_path": null, "availability": "in_stock", "raw_source": {"type": "next-data", "data": {"index": 42, "promotions": [], "productId": "21163398_EA", "productImage": [{"imageUrl": "https://digital.loblaws.ca/PCX/21163398_EA/en/1/21163398_en_front_v2_1200.png", "thumbnailUrl": "https://digital.loblaws.ca/PCX/21163398_EA/en/1/21163398_en_front_v2_120.png", "smallUrl": "https://digital.loblaws.ca/PCX/21163398_EA/en/1/21163398_en_front_v2_250.png", "mediumUrl": "https://digital.loblaws.ca/PCX/21163398_EA/en/1/21163398_en_front_v2_400.png", "largeUrl": "https://digital.loblaws.ca/PCX/21163398_EA/en/1/21163398_en_front_v2_800.png", "extraLargeUrl": "https://digital.loblaws.ca/PCX/21163398_EA/en/1/21163398_en_front_v2_1200.png", "smallRetinaUrl": "https://digital.loblaws.ca/PCX/21163398_EA/en/1/21163398_en_front_v2_250.png", "mediumRetinaUrl": "https://digital.loblaws.ca/PCX/21163398_EA/en/1/21163398_en_front_v2_400.png", "largeRetinaUrl": "https://digital.loblaws.ca/PCX/21163398_EA/en/1/21163398_en_front_v2_800.png"}], "brand": "Neilson", "title": "3.25% Ultrafiltered Homogenized Milk", "description": "<p>Neilson. Part of your family since 1893.Neilson Ultrafiltered Milk delivers a rich, creamy texture with 18 grams of protein from milk in every 250 mL glass. Made with 100% Canadian milk, it’s processed through a fine filtration system that naturally concentrates protein and reduces lactose. The result is a refreshing drink enriched with milk protein concentrate, offering a nourishing and satisfying experience.</p>", "packageSizing": "1 l, $0.48/100ml", "pricing": {"price": "4.83", "wasPrice": null, "displayPrice": "$4.83", "memberOnlyPrice": null, "mopDisplayPrice": null, "ehfTotal": null, "environmentalHandlingFee": null, "taxInfo": ""}, "pricingUnits": {"type": "SOLD_BY_EACH", "unit": "ea", "interval": 1, "minOrderQuantity": 1, "maxOrderQuantity": 24, "weighted": false}, "deal": null, "mopDeal": null, "pcoDeal": null, "inventoryIndicator": null, "offerType": "OG", "offerId": "OG", "action": null, "isVariant": false, "link": "/en/3-25-ultrafiltered-homogenized-milk/p/21163398_EA", "productVendor": null, "productVariant": null, "textBadge": "", "variantTheme": null, "articleNumber": "21163398", "uom": "EA", "sponsoredCreative": null, "isSponsored": false, "isComplementarySponsored": false, "complementarySponsoredBadgeText": null, "productBadge": {"badgeId": "PREPARED_IN_CANADA", "badgeClass": "badge11", "text": "Prepared in Canada", "icon": {"url": "https://dis-prod.assetful.loblaw.ca/content/dam/loblaw-companies-limited/creative-assets/pc-optimum/global-list/maple-leaf-red.png", "altText": "", "placement": "LEFT"}}}}}
{"store": "Real Canadian Superstore", "site_slug": "realcanadiansuperstore", "source_url": "/search?search-bar=milk&page=1", "scrape_ts": "2025-12-20T23:00:05.458359Z", "external_id": "21128371_EA", "name": "Chocolate Milk", "brand": "Fairlife", "size_text": "1.5 l, $0.50/100ml", "price": 7.49, "currency": "CAD", "unit_price": 0.5, "unit_price_uom": "100ml", "image_url": "https://digital.loblaws.ca/PCX/21128371_EA/en/1/21128371_en_front_v2_800.png", "category_path": null, "availability": "in_stock", "raw_source": {"type": "next-data", "data": {"index": 43, "promotions": [], "productId": "21128371_EA", "productImage": [{"imageUrl": "https://digital.loblaws.ca/PCX/21128371_EA/en/1/21128371_en_front_v2_1200.png", "thumbnailUrl": "https://digital.loblaws.ca/PCX/21128371_EA/en/1/21128371_en_front_v2_120.png", "smallUrl": "https://digital.loblaws.ca/PCX/21128371_EA/en/1/21128371_en_front_v2_250.png", "mediumUrl": "https://digital.loblaws.ca/PCX/21128371_EA/en/1/21128371_en_front_v2_400.png", "largeUrl": "https://digital.loblaws.ca/PCX/21128371_EA/en/1/21128371_en_front_v2_800.png", "extraLargeUrl": "https://digital.loblaws.ca/PCX/21128371_EA/en/1/21128371_en_front_v2_1200.png", "smallRetinaUrl": "https://digital.loblaws.ca/PCX/21128371_EA/en/1/21128371_en_front_v2_250.png", "mediumRetinaUrl": "https://digital.loblaws.ca/PCX/21128371_EA/en/1/21128371_en_front_v2_400.png", "largeRetinaUrl": "https://digital.loblaws.ca/PCX/21128371_EA/en/1/21128371_en_front_v2_800.png"}], "brand": "Fairlife", "title": "Chocolate Milk", "description": "<p>We are driven by a simple belief: we can always make the world better. Proper nourishment allows us all to grow and thrive. All our milk flows through soft filters to concentrate protein while filtering out half of the natural sugars. Our delicious fairlife ultra-filtered milk has 50% less sugar and 50% more protein than regular chocolate milk. Plus, there are no artificial growth hormones used and it's lactose-free. So sip, drink, and chug as you enjoy our delicious ultra-filtered milk, eh?</p><ul><li>Made with 100% quality Canadian milk</li><li>50% less sugar and 50% more protein than regular chocolate milk</li><li>Delicious, satisfying, and lactose-free</li><li>No artificial growth hormones used</li></ul>", "packageSizing": "1.5 l, $0.50/100ml", "pricing": {"price": "7.49", "wasPrice": null, "displayPrice": "$7.49", "memberOnlyPrice": null, "mopDisplayPrice": null, "ehfTotal": null, "environmentalHandlingFee": null, "taxInfo": ""}, "pricingUnits": {"type": "SOLD_BY_EACH", "unit": "ea", "interval": 1, "minOrderQuantity": 1, "maxOrderQuantity": 24, "weighted": false}, "deal": null, "mopDeal": null, "pcoDeal": null, "inventoryIndicator": null, "offerType": "OG", "offerId": "OG", "action": null, "isVariant": false, "link": "/en/chocolate-milk/p/21128371_EA", "productVendor": null, "productVariant": null, "textBadge": "", "variantTheme": null, "articleNumber": "21128371", "uom": "EA", "sponsoredCreative": null, "isSponsored": false, "isComplementarySponsored": false, "complementarySponsoredBadgeText": null, "productBadge": {"badgeId": "PREPARED_IN_CANADA", "badgeClass": "badge11", "text": "Prepared in Canada", "icon": {"url": "https://dis-prod.assetful.loblaw.ca/content/dam/loblaw-companies-limited/creative-assets/pc-optimum/global-list/maple-leaf-red.png", "altText": "", "placement": "LEFT"}}}}}
{"store": "Real Canadian Superstore", "site_slug": "realcanadiansuperstore", "source_url": "/search?search-bar=milk&page=1", "scrape_ts": "2025-12-20T23:00:05.458359Z", "external_id": "20794060002_EA", "name": "Almond Breeze Almond Milk, Unsweetened Vanilla", "brand": "Blue Diamond", "size_text": "1.89 l, $0.24/100ml", "price": 4.49, "currency": "CAD", "unit_price": 0.24, "unit_price_uom": "100ml", "image_url": "https://digital.loblaws.ca/PCX/20794060002_EA/en/1/4157010916_en_front_centre_marketing_A_1_GS1_Ecommerce_800.png", "category_path": null, "availability": "in_stock", "raw_source": {"type": "next-data", "data": {"index": 44, "promotions": [{"type": "DEAL", "quantity": null, "savings": null, "value": null, "promoCode": "000002808753", "expiryDate": "9999-12-31T00:00:00Z", "title": null, "promoType": null, "pricingMethod": "3", "text": "PC Optimum Points", "reward": "$_FIXED", "callToAction": {"text": "Shop Offer", "url": "/shop-by-promo/000002808753"}}], "productId": "20794060002_EA", "productImage": [{"imageUrl": "https://digital.loblaws.ca/PCX/20794060002_EA/en/1/4157010916_en_front_centre_marketing_A_1_GS1_Ecommerce_1200.png", "thumbnailUrl": "https://digital.loblaws.ca/PCX/20794060002_EA/en/1/4157010916_en_front_centre_marketing_A_1_GS1_Ecommerce_120.png", "smallUrl": "https://digital.loblaws.ca/PCX/20794060002_EA/en/1/4157010916_en_front_centre_marketing_A_1_GS1_Ecommerce_250.png", "mediumUrl": "https://digital.loblaws.ca/PCX/20794060002_EA/en/1/4157010916_en_front_centre_marketing_A_1_GS1_Ecommerce_400.png", "largeUrl": "https://digital.loblaws.ca/PCX/20794060002_EA/en/1/4157010916_en_front_centre_marketing_A_1_GS1_Ecommerce_800.png", "extraLargeUrl": "https://digital.loblaws.ca/PCX/20794060002_EA/en/1/4157010916_en_front_centre_marketing_A_1_GS1_Ecommerce_1200.png", "smallRetinaUrl": "https://digital.loblaws.ca/PCX/20794060002_EA/en/1/4157010916_en_front_centre_marketing_A_1_GS1_Ecommerce_250.png", "mediumRetinaUrl": "https://digital.loblaws.ca/PCX/20794060002_EA/en/1/4157010916_en_front_centre_marketing_A_1_GS1_Ecommerce_400.png", "largeRetinaUrl": "https://digital.loblaws.ca/PCX/20794060002_EA/en/1/4157010916_en_front_centre_marketing_A_1_GS1_Ecommerce_800.png"}], "brand": "Blue Diamond", "title": "Almond Breeze Almond Milk, Unsweetened Vanilla", "description": "Almond Breeze is a delicious way to be good to yourself!.<br><br>From The Almond People", "packageSizing": "1.89 l, $0.24/100ml", "pricing": {"price": "4.49", "wasPrice": null, "displayPrice": "$4.49", "memberOnlyPrice": null, "mopDisplayPrice": null, "ehfTotal": null, "environmentalHandlingFee": null, "taxInfo": ""}, "pricingUnits": {"type": "SOLD_BY_EACH", "unit": "ea", "interval": 1, "minOrderQuantity": 1, "maxOrderQuantity": 24, "weighted": false}, "deal": {"type": "MULTI", "text": "$4.00 MIN 2", "points": 0, "name": "MULTI", "expiryDate": null, "dealPrice": null}, "mopDeal": null, "pcoDeal": null, "inventoryIndicator": null, "offerType": "OG", "offerId": "OG", "action": null, "isVariant": false, "link": "/en/almond-breeze-almond-milk-unsweetened-vanilla/p/20794060002_EA", "productVendor": null, "productVariant": null, "textBadge": "", "variantTheme": null, "articleNumber": "20794060002", "uom": "EA", "sponsoredCreative": null, "isSponsored": false, "isComplementarySponsored": false, "complementarySponsoredBadgeText": null, "productBadge": {"badgeId": "SUBSCRIBE_EARN", "badgeClass": "badge06", "text": "Subscribe & Earn", "icon": null}}}}
{"store": "Real Canadian Superstore", "site_slug": "realcanadiansuperstore", "source_url": "/search?search-bar=milk&page=1", "scrape_ts": "2025-12-20T23:00:05.458359Z", "external_id": "20164009_EA", "name": "1% Microfiltered Milk", "brand": "Neilson", "size_text": "1 l, $0.37/100ml", "price": 3.68, "currency": "CAD", "unit_price": 0.37, "unit_price_uom": "100ml", "image_url": "https://digital.loblaws.ca/PCX/20164009_EA/en/1/20164009_en_front_800.png", "category_path": null, "availability": "in_stock", "raw_source": {"type": "next-data", "data": {"index": 45, "promotions": [], "productId": "20164009_EA", "productImage": [{"imageUrl": "https://digital.loblaws.ca/PCX/20164009_EA/en/1/20164009_en_front_1200.png", "thumbnailUrl": "https://digital.loblaws.ca/PCX/20164009_EA/en/1/20164009_en_front_120.png", "smallUrl": "https://digital.loblaws.ca/PCX/20164009_EA/en/1/20164009_en_front_250.png", "mediumUrl": "https://digital.loblaws.ca/PCX/20164009_EA/en/1/20164009_en_front_400.png", "largeUrl": "https://digital.loblaws.ca/PCX/20164009_EA/en/1/20164009_en_front_800.png", "extraLargeUrl": "https://digital.loblaws.ca/PCX/20164009_EA/en/1/20164009_en_front_1200.png", "smallRetinaUrl": "https://digital.loblaws.ca/PCX/20164009_EA/en/1/20164009_en_front_250.png", "mediumRetinaUrl": "https://digital.loblaws.ca/PCX/20164009_EA/en/1/20164009_en_front_400.png", "largeRetinaUrl": "https://digital.loblaws.ca/PCX/20164009_EA/en/1/20164009_en_front_800.png"}], "brand": "Neilson", "title": "1% Microfiltered Milk", "description": "Fresh, wholesome milk… naturally from Neilson.Since 1893, Neilson has stood for high quality dairy products. Neilson has always been committed to using the best ingredients, people and processes to produce great tasting quality milk you can depend on. Always fresh, always delicious and always an excellent source of calcium, protein and vitamin D.", "packageSizing": "1 l, $0.37/100ml", "pricing": {"price": "3.68", "wasPrice": null, "displayPrice": "$3.68", "memberOnlyPrice": null, "mopDisplayPrice": null, "ehfTotal": null, "environmentalHandlingFee": null, "taxInfo": ""}, "pricingUnits": {"type": "SOLD_BY_EACH", "unit": "ea", "interval": 1, "minOrderQuantity": 1, "maxOrderQuantity": 24, "weighted": false}, "deal": null, "mopDeal": null, "pcoDeal": null, "inventoryIndicator": null, "offerType": "OG", "offerId": "OG", "action": null, "isVariant": false, "link": "/en/1-microfiltered-milk/p/20164009_EA", "productVendor": null, "productVariant": null, "textBadge": "", "variantTheme": null, "articleNumber": "20164009", "uom": "EA", "sponsoredCreative": null, "isSponsored": false, "isComplementarySponsored": false, "complementarySponsoredBadgeText": null, "productBadge": {"badgeId": "PREPARED_IN_CANADA", "badgeClass": "badge11", "text": "Prepared in Canada", "icon": {"url": "https://dis-prod.assetful.loblaw.ca/content/dam/loblaw-companies-limited/creative-assets/pc-optimum/global-list/maple-leaf-red.png", "altText": "", "placement": "LEFT"}}}}}
{"store": "Real Canadian Superstore", "site_slug": "realcanadiansuperstore", "source_url": "/search?search-bar=milk&page=1", "scrape_ts": "2025-12-20T23:00:05.458359Z", "external_id": "21212714_EA", "name": "Grass Fed 3.8% Milk", "brand": "Rolling Meadow", "size_text": "2 l, $0.42/100ml", "price": 8.49, "currency": "CAD", "unit_price": 0.42, "unit_price_uom": "100ml", "image_url": "https://digital.loblaws.ca/PCX/21212714_EA/en/1/6232580038_en_front_centre_marketing_GS1_Ecommerce_800.png", "category_path": null, "availability": "in_stock", "raw_source": {"type": "next-data", "data": {"index": 46, "promotions": [], "productId": "21212714_EA", "productImage": [{"imageUrl": "https://digital.loblaws.ca/PCX/21212714_EA/en/1/6232580038_en_front_centre_marketing_GS1_Ecommerce_1200.png", "thumbnailUrl": "https://digital.loblaws.ca/PCX/21212714_EA/en/1/6232580038_en_front_centre_marketing_GS1_Ecommerce_120.png", "smallUrl": "https://digital.loblaws.ca/PCX/21212714_EA/en/1/6232580038_en_front_centre_marketing_GS1_Ecommerce_250.png", "mediumUrl": "https://digital.loblaws.ca/PCX/21212714_EA/en/1/6232580038_en_front_centre_marketing_GS1_Ecommerce_400.png", "largeUrl": "https://digital.loblaws.ca/PCX/21212714_EA/en/1/6232580038_en_front_centre_marketing_GS1_Ecommerce_800.png", "extraLargeUrl": "https://digital.loblaws.ca/PCX/21212714_EA/en/1/6232580038_en_front_centre_marketing_GS1_Ecommerce_1200.png", "smallRetinaUrl": "https://digital.loblaws.ca/PCX/21212714_EA/en/1/6232580038_en_front_centre_marketing_GS1_Ecommerce_250.png", "mediumRetinaUrl": "https://digital.loblaws.ca/PCX/21212714_EA/en/1/6232580038_en_front_centre_marketing_GS1_Ecommerce_400.png", "largeRetinaUrl": "https://digital.loblaws.ca/PCX/21212714_EA/en/1/6232580038_en_front_centre_marketing_GS1_Ecommerce_800.png"}], "brand": "Rolling Meadow", "title": "Grass Fed 3.8% Milk", "description": "Elevate your daily routine with Grass Fed 3. 8 % Milk from Rolling Meadow. Make a creamy morning coffee or whip up a comforting homemade pudding, all while enjoying the rich texture and flavour. This milk promises to be a great addition to your kitchen staples, perfect for various everyday recipes.", "packageSizing": "2 l, $0.42/100ml", "pricing": {"price": "8.49", "wasPrice": null, "displayPrice": "$8.49", "memberOnlyPrice": null, "mopDisplayPrice": null, "ehfTotal": null, "environmentalHandlingFee": null, "taxInfo": ""}, "pricingUnits": {"type": "SOLD_BY_EACH", "unit": "ea", "interval": 1, "minOrderQuantity": 1, "maxOrderQuantity": 24, "weighted": false}, "deal": null, "mopDeal": null, "pcoDeal": null, "inventoryIndicator": null, "offerType": "OG", "offerId": "OG", "action": null, "isVariant": false, "link": "/en/grass-fed-3-8-milk/p/21212714_EA", "productVendor": null, "productVariant": null, "textBadge": "", "variantTheme": null, "articleNumber": "21212714", "uom": "EA", "sponsoredCreative": null, "isSponsored": false, "isComplementarySponsored": false, "complementarySponsoredBadgeText": null, "productBadge": {"badgeId": "PREPARED_IN_CANADA", "badgeClass": "badge11", "text": "Prepared in Canada", "icon": {"url": "https://dis-prod.assetful.loblaw.ca/content/dam/loblaw-companies-limited/creative-assets/pc-optimum/global-list/maple-leaf-red.png", "altText": "", "placement": "LEFT"}}}}}
{"store": "Real Canadian Superstore", "site_slug": "realcanadiansuperstore", "source_url": "/search?search-bar=milk&page=1", "scrape_ts": "2025-12-20T23:00:05.458359Z", "external_id": "20896887_EA", "name": "Evaporated Milk", "brand": "Carnation", "size_text": "354 ml, $0.73/100ml", "price": 2.59, "currency": "CAD", "unit_price": 0.73, "unit_price_uom": "100ml", "image_url": "https://digital.loblaws.ca/PCX/20896887_EA/en/1/5900000311_en_front_centre_marketing_GS1_Ecommerce_800.png", "category_path": null, "availability": "in_stock", "raw_source": {"type": "next-data", "data": {"index": 47, "promotions": [], "productId": "20896887_EA", "productImage": [{"imageUrl": "https://digital.loblaws.ca/PCX/20896887_EA/en/1/5900000311_en_front_centre_marketing_GS1_Ecommerce_1200.png", "thumbnailUrl": "https://digital.loblaws.ca/PCX/20896887_EA/en/1/5900000311_en_front_centre_marketing_GS1_Ecommerce_120.png", "smallUrl": "https://digital.loblaws.ca/PCX/20896887_EA/en/1/5900000311_en_front_centre_marketing_GS1_Ecommerce_250.png", "mediumUrl": "https://digital.loblaws.ca/PCX/20896887_EA/en/1/5900000311_en_front_centre_marketing_GS1_Ecommerce_400.png", "largeUrl": "https://digital.loblaws.ca/PCX/20896887_EA/en/1/5900000311_en_front_centre_marketing_GS1_Ecommerce_800.png", "extraLargeUrl": "https://digital.loblaws.ca/PCX/20896887_EA/en/1/5900000311_en_front_centre_marketing_GS1_Ecommerce_1200.png", "smallRetinaUrl": "https://digital.loblaws.ca/PCX/20896887_EA/en/1/5900000311_en_front_centre_marketing_GS1_Ecommerce_250.png", "mediumRetinaUrl": "https://digital.loblaws.ca/PCX/20896887_EA/en/1/5900000311_en_front_centre_marketing_GS1_Ecommerce_400.png", "largeRetinaUrl": "https://digital.loblaws.ca/PCX/20896887_EA/en/1/5900000311_en_front_centre_marketing_GS1_Ecommerce_800.png"}], "brand": "Carnation", "title": "Evaporated Milk", "description": "Carnation Evaporated Milk is a shelf stable milk that is richer and creamier than milk because some of the water has been removed. With a slight carmelized flavour, it's a easy and delicious ingredient to bake and cook with.", "packageSizing": "354 ml, $0.73/100ml", "pricing": {"price": "2.59", "wasPrice": "$2.79", "displayPrice": "$2.59", "memberOnlyPrice": null, "mopDisplayPrice": null, "ehfTotal": null, "environmentalHandlingFee": null, "taxInfo": ""}, "pricingUnits": {"type": "SOLD_BY_EACH", "unit": "ea", "interval": 1, "minOrderQuantity": 1, "maxOrderQuantity": 24, "weighted": false}, "deal": {"type": "SALE", "text": "SAVE $0.20", "points": 0, "name": "SALE", "expiryDate": "2025-12-24T00:00:00Z", "dealPrice": null}, "mopDeal": null, "pcoDeal": null, "inventoryIndicator": null, "offerType": "OG", "offerId": "OG", "action": null, "isVariant": false, "link": "/en/evaporated-milk/p/20896887_EA", "productVendor": null, "productVariant": null, "textBadge": "", "variantTheme": null, "articleNumber": "20896887", "uom": "EA", "sponsoredCreative": null, "isSponsored": false, "isComplementarySponsored": false, "complementarySponsoredBadgeText": null, "productBadge": {"badgeId": "PREPARED_IN_CANADA", "badgeClass": "badge11", "text": "Prepared in Canada", "icon": {"url": "https://dis-prod.assetful.loblaw.ca/content/dam/loblaw-companies-limited/creative-assets/pc-optimum/global-list/maple-leaf-red.png", "altText": "", "placement": "LEFT"}}}}}
{"store": "Real Canadian Superstore", "site_slug": "realcanadiansuperstore", "source_url": "/search?search-bar=milk&page=1", "scrape_ts": "2025-12-20T23:00:05.458359Z", "external_id": "21065263_EA", "name": "1% Chocolate Partly Skimmed Milk", "brand": "Milk 2 Go", "size_text": "6x200.0 ml, $540.83/100ml", "price": 6.49, "currency": "CAD", "unit_price": 540.83, "unit_price_uom": "100ml", "image_url": "https://digital.loblaws.ca/PCX/21065263_EA/en/1/21065263_en_front_v1_800.png", "category_path": null, "availability": "in_stock", "raw_source": {"type": "next-data", "data": {"index": 48, "promotions": [], "productId": "21065263_EA", "productImage": [{"imageUrl": "https://digital.loblaws.ca/PCX/21065263_EA/en/1/21065263_en_front_v1_1200.png", "thumbnailUrl": "https://digital.loblaws.ca/PCX/21065263_EA/en/1/21065263_en_front_v1_120.png", "smallUrl": "https://digital.loblaws.ca/PCX/21065263_EA/en/1/21065263_en_front_v1_250.png", "mediumUrl": "https://digital.loblaws.ca/PCX/21065263_EA/en/1/21065263_en_front_v1_400.png", "largeUrl": "https://digital.loblaws.ca/PCX/21065263_EA/en/1/21065263_en_front_v1_800.png", "extraLargeUrl": "https://digital.loblaws.ca/PCX/21065263_EA/en/1/21065263_en_front_v1_1200.png", "smallRetinaUrl": "https://digital.loblaws.ca/PCX/21065263_EA/en/1/21065263_en_front_v1_250.png", "mediumRetinaUrl": "https://digital.loblaws.ca/PCX/21065263_EA/en/1/21065263_en_front_v1_400.png", "largeRetinaUrl": "https://digital.loblaws.ca/PCX/21065263_EA/en/1/21065263_en_front_v1_800.png"}], "brand": "Milk 2 Go", "title": "1% Chocolate Partly Skimmed Milk", "description": "This Milk2Go chocolate flavoured milk will redefine your idea of chocolate milk and the amount of deliciousness that can fit inside a bottle. Milk2Go is the right balance of fun and convenience. We are committed to providing nutritious, delicious, Canadian-produced milk with no preservatives. Milk2Go, the perfect on the go snack for everyone. ", "packageSizing": "6x200.0 ml, $540.83/100ml", "pricing": {"price": "6.49", "wasPrice": null, "displayPrice": "$6.49", "memberOnlyPrice": null, "mopDisplayPrice": null, "ehfTotal": null, "environmentalHandlingFee": null, "taxInfo": ""}, "pricingUnits": {"type": "SOLD_BY_EACH", "unit": "ea", "interval": 1, "minOrderQuantity": 1, "maxOrderQuantity": 24, "weighted": false}, "deal": null, "mopDeal": null, "pcoDeal": null, "inventoryIndicator": null, "offerType": "OG", "offerId": "OG", "action": null, "isVariant": false, "link": "/en/1-chocolate-partly-skimmed-milk/p/21065263_EA", "productVendor": null, "productVariant": null, "textBadge": "", "variantTheme": null, "articleNumber": "21065263", "uom": "EA", "sponsoredCreative": null, "isSponsored": false, "isComplementarySponsored": false, "complementarySponsoredBadgeText": null, "productBadge": {"badgeId": "PREPARED_IN_CANADA", "badgeClass": "badge11", "text": "Prepared in Canada", "icon": {"url": "https://dis-prod.assetful.loblaw.ca/content/dam/loblaw-companies-limited/creative-assets/pc-optimum/global-list/maple-leaf-red.png", "altText": "", "placement": "LEFT"}}}}}
{"store": "Real Canadian Superstore", "site_slug": "realcanadiansuperstore", "source_url": "/search?search-bar=milk&page=1", "scrape_ts": "2025-12-20T23:00:05.458359Z", "external_id": "20058742_EA", "name": "0% Microfiltered Milk", "brand": "Neilson", "size_text": "2 l, $0.28/100ml", "price": 5.69, "currency": "CAD", "unit_price": 0.28, "unit_price_uom": "100ml", "image_url": "https://digital.loblaws.ca/PCX/20058742_EA/en/1/20058742_en_front_v1_800.png", "category_path": null, "availability": "in_stock", "raw_source": {"type": "next-data", "data": {"index": 49, "promotions": [], "productId": "20058742_EA", "productImage": [{"imageUrl": "https://digital.loblaws.ca/PCX/20058742_EA/en/1/20058742_en_front_v1_1200.png", "thumbnailUrl": "https://digital.loblaws.ca/PCX/20058742_EA/en/1/20058742_en_front_v1_120.png", "smallUrl": "https://digital.loblaws.ca/PCX/20058742_EA/en/1/20058742_en_front_v1_250.png", "mediumUrl": "https://digital.loblaws.ca/PCX/20058742_EA/en/1/20058742_en_front_v1_400.png", "largeUrl": "https://digital.loblaws.ca/PCX/20058742_EA/en/1/20058742_en_front_v1_800.png", "extraLargeUrl": "https://digital.loblaws.ca/PCX/20058742_EA/en/1/20058742_en_front_v1_1200.png", "smallRetinaUrl": "https://digital.loblaws.ca/PCX/20058742_EA/en/1/20058742_en_front_v1_250.png", "mediumRetinaUrl": "https://digital.loblaws.ca/PCX/20058742_EA/en/1/20058742_en_front_v1_400.png", "largeRetinaUrl": "https://digital.loblaws.ca/PCX/20058742_EA/en/1/20058742_en_front_v1_800.png"}], "brand": "Neilson", "title": "0% Microfiltered Milk", "description": "Fresh, wholesome milk… naturally from Neilson.Since 1893, Neilson has stood for high quality dairy products. Neilson has always been committed to using the best ingredients, people and processes to produce great tasting quality milk you can depend on. Always fresh, always delicious and always an excellent source of calcium, protein and vitamin D.", "packageSizing": "2 l, $0.28/100ml", "pricing": {"price": "5.69", "wasPrice": null, "displayPrice": "$5.69", "memberOnlyPrice": null, "mopDisplayPrice": null, "ehfTotal": null, "environmentalHandlingFee": null, "taxInfo": ""}, "pricingUnits": {"type": "SOLD_BY_EACH", "unit": "ea", "interval": 1, "minOrderQuantity": 1, "maxOrderQuantity": 24, "weighted": false}, "deal": null, "mopDeal": null, "pcoDeal": null, "inventoryIndicator": null, "offerType": "OG", "offerId": "OG", "action": null, "isVariant": false, "link": "/en/0-microfiltered-milk/p/20058742_EA", "productVendor": null, "productVariant": null, "textBadge": "", "variantTheme": null, "articleNumber": "20058742", "uom": "EA", "sponsoredCreative": null, "isSponsored": false, "isComplementarySponsored": false, "complementarySponsoredBadgeText": null, "productBadge": {"badgeId": "PREPARED_IN_CANADA", "badgeClass": "badge11", "text": "Prepared in Canada", "icon": {"url": "https://dis-prod.assetful.loblaw.ca/content/dam/loblaw-companies-limited/creative-assets/pc-optimum/global-list/maple-leaf-red.png", "altText": "", "placement": "LEFT"}}}}}
{"store": "Real Canadian Superstore", "site_slug": "realcanadiansuperstore", "source_url": "/search?search-bar=milk&page=1", "scrape_ts": "2025-12-20T23:00:05.458359Z", "external_id": "21040510_EA", "name": "Evaporated Milk", "brand": "No Name", "size_text": "354 ml, $0.51/100ml", "price": 1.79, "currency": "CAD", "unit_price": 0.51, "unit_price_uom": "100ml", "image_url": "https://digital.loblaws.ca/PCX/21040510_EA/en/1/21040510_en_front_800.png", "category_path": null, "availability": "in_stock", "raw_source": {"type": "next-data", "data": {"index": 50, "promotions": [], "productId": "21040510_EA", "productImage": [{"imageUrl": "https://digital.loblaws.ca/PCX/21040510_EA/en/1/21040510_en_front_1200.png", "thumbnailUrl": "https://digital.loblaws.ca/PCX/21040510_EA/en/1/21040510_en_front_120.png", "smallUrl": "https://digital.loblaws.ca/PCX/21040510_EA/en/1/21040510_en_front_250.png", "mediumUrl": "https://digital.loblaws.ca/PCX/21040510_EA/en/1/21040510_en_front_400.png", "largeUrl": "https://digital.loblaws.ca/PCX/21040510_EA/en/1/21040510_en_front_800.png", "extraLargeUrl": "https://digital.loblaws.ca/PCX/21040510_EA/en/1/21040510_en_front_1200.png", "smallRetinaUrl": "https://digital.loblaws.ca/PCX/21040510_EA/en/1/21040510_en_front_250.png", "mediumRetinaUrl": "https://digital.loblaws.ca/PCX/21040510_EA/en/1/21040510_en_front_400.png", "largeRetinaUrl": "https://digital.loblaws.ca/PCX/21040510_EA/en/1/21040510_en_front_800.png"}], "brand": "No Name", "title": "Evaporated Milk", "description": "<p>Evaporated Milk gives body to smoothies or thickens up your soups and chowders. With vitamins C and D added, it adds creaminess and richness to your favourite meals or dessert recipes.</p><p></p><p>The †Simple Check™ symbol appears on no name® products made without 10 ingredients such as synthetic colours*, artificial flavours and artificial sweeteners. *As defined in Canadian regulations. To learn more visit noname.ca/simplecheck</p>", "packageSizing": "354 ml, $0.51/100ml", "pricing": {"price": "1.79", "wasPrice": "$1.99", "displayPrice": "$1.79", "memberOnlyPrice": null, "mopDisplayPrice": null, "ehfTotal": null, "environmentalHandlingFee": null, "taxInfo": ""}, "pricingUnits": {"type": "SOLD_BY_EACH", "unit": "ea", "interval": 1, "minOrderQuantity": 1, "maxOrderQuantity": 24, "weighted": false}, "deal": {"type": "SALE", "text": "SAVE $0.20", "points": 0, "name": "SALE", "expiryDate": "2025-12-31T00:00:00Z", "dealPrice": null}, "mopDeal": null, "pcoDeal": null, "inventoryIndicator": null, "offerType": "OG", "offerId": "OG", "action": null, "isVariant": false, "link": "/en/evaporated-milk/p/21040510_EA", "productVendor": null, "productVariant": null, "textBadge": "", "variantTheme": null, "articleNumber": "21040510", "uom": "EA", "sponsoredCreative": null, "isSponsored": false, "isComplementarySponsored": false, "complementarySponsoredBadgeText": null, "productBadge": {"badgeId": "PREPARED_IN_CANADA", "badgeClass": "badge11", "text": "Prepared in Canada", "icon": {"url": "https://dis-prod.assetful.loblaw.ca/content/dam/loblaw-companies-limited/creative-assets/pc-optimum/global-list/maple-leaf-red.png", "altText": "", "placement": "LEFT"}}}}}
{"store": "Real Canadian Superstore", "site_slug": "realcanadiansuperstore", "source_url": "/search?search-bar=milk&page=1", "scrape_ts": "2025-12-20T23:00:05.458359Z", "external_id": "20774113_EA", "name": "2% Milk", "brand": "Neilson", "size_text": "473 ml, $0.56/100ml", "price": 2.63, "currency": "CAD", "unit_price": 0.56, "unit_price_uom": "100ml", "image_url": "https://digital.loblaws.ca/PCX/20774113_EA/en/1/20774113_en_front_800.png", "category_path": null, "availability": "in_stock", "raw_source": {"type": "next-data", "data": {"index": 51, "promotions": [], "productId": "20774113_EA", "productImage": [{"imageUrl": "https://digital.loblaws.ca/PCX/20774113_EA/en/1/20774113_en_front_1200.png", "thumbnailUrl": "https://digital.loblaws.ca/PCX/20774113_EA/en/1/20774113_en_front_120.png", "smallUrl": "https://digital.loblaws.ca/PCX/20774113_EA/en/1/20774113_en_front_250.png", "mediumUrl": "https://digital.loblaws.ca/PCX/20774113_EA/en/1/20774113_en_front_400.png", "largeUrl": "https://digital.loblaws.ca/PCX/20774113_EA/en/1/20774113_en_front_800.png", "extraLargeUrl": "https://digital.loblaws.ca/PCX/20774113_EA/en/1/20774113_en_front_1200.png", "smallRetinaUrl": "https://digital.loblaws.ca/PCX/20774113_EA/en/1/20774113_en_front_250.png", "mediumRetinaUrl": "https://digital.loblaws.ca/PCX/20774113_EA/en/1/20774113_en_front_400.png", "largeRetinaUrl": "https://digital.loblaws.ca/PCX/20774113_EA/en/1/20774113_en_front_800.png"}], "brand": "Neilson", "title": "2% Milk", "description": "Fresh, wholesome milk… naturally from Neilson.Since 1893, Neilson has stood for high quality dairy products. Neilson has always been committed to using the best ingredients, people and processes to produce great tasting quality milk you can depend on. Always fresh, always delicious and always an excellent source of calcium, protein and vitamin D.", "packageSizing": "473 ml, $0.56/100ml", "pricing": {"price": "2.63", "wasPrice": null, "displayPrice": "$2.63", "memberOnlyPrice": null, "mopDisplayPrice": null, "ehfTotal": null, "environmentalHandlingFee": null, "taxInfo": ""}, "pricingUnits": {"type": "SOLD_BY_EACH", "unit": "ea", "interval": 1, "minOrderQuantity": 1, "maxOrderQuantity": 24, "weighted": false}, "deal": null, "mopDeal": null, "pcoDeal": null, "inventoryIndicator": null, "offerType": "OG", "offerId": "OG", "action": null, "isVariant": false, "link": "/en/2-milk/p/20774113_EA", "productVendor": null, "productVariant": null, "textBadge": "", "variantTheme": null, "articleNumber": "20774113", "uom": "EA", "sponsoredCreative": null, "isSponsored": false, "isComplementarySponsored": false, "complementarySponsoredBadgeText": null, "productBadge": {"badgeId": "PREPARED_IN_CANADA", "badgeClass": "badge11", "text": "Prepared in Canada", "icon": {"url": "https://dis-prod.assetful.loblaw.ca/content/dam/loblaw-companies-limited/creative-assets/pc-optimum/global-list/maple-leaf-red.png", "altText": "", "placement": "LEFT"}}}}}
{"store": "Real Canadian Superstore", "site_slug": "realcanadiansuperstore", "source_url": "/search?search-bar=milk&page=1", "scrape_ts": "2025-12-20T23:00:05.458359Z", "external_id": "20328231002_EA", "name": "Almond Milk Alternative, Unsweetened, Dairy Free", "brand": "Silk", "size_text": "1.89 l, $0.25/100ml", "price": 4.79, "currency": "CAD", "unit_price": 0.25, "unit_price_uom": "100ml", "image_url": "https://digital.loblaws.ca/PCX/20328231002_EA/en/1/20328231002_en_front_800.png", "category_path": null, "availability": "in_stock", "raw_source": {"type": "next-data", "data": {"index": 52, "promotions": [{"type": "DEAL", "quantity": null, "savings": null, "value": null, "promoCode": "000002787535", "expiryDate": "9999-12-31T00:00:00Z", "title": null, "promoType": null, "pricingMethod": "3", "text": "PC Optimum Points", "reward": "$_FIXED", "callToAction": {"text": "Shop Offer", "url": "/shop-by-promo/000002787535"}}], "productId": "20328231002_EA", "productImage": [{"imageUrl": "https://digital.loblaws.ca/PCX/20328231002_EA/en/1/20328231002_en_front_1200.png", "thumbnailUrl": "https://digital.loblaws.ca/PCX/20328231002_EA/en/1/20328231002_en_front_120.png", "smallUrl": "https://digital.loblaws.ca/PCX/20328231002_EA/en/1/20328231002_en_front_250.png", "mediumUrl": "https://digital.loblaws.ca/PCX/20328231002_EA/en/1/20328231002_en_front_400.png", "largeUrl": "https://digital.loblaws.ca/PCX/20328231002_EA/en/1/20328231002_en_front_800.png", "extraLargeUrl": "https://digital.loblaws.ca/PCX/20328231002_EA/en/1/20328231002_en_front_1200.png", "smallRetinaUrl": "https://digital.loblaws.ca/PCX/20328231002_EA/en/1/20328231002_en_front_250.png", "mediumRetinaUrl": "https://digital.loblaws.ca/PCX/20328231002_EA/en/1/20328231002_en_front_400.png", "largeRetinaUrl": "https://digital.loblaws.ca/PCX/20328231002_EA/en/1/20328231002_en_front_800.png"}], "brand": "Silk", "title": "Almond Milk Alternative, Unsweetened, Dairy Free", "description": "<p>Oh, yes, it is… a mere 30 calories per serving. Enjoy the goodness of Silk® Zero Sugar Original Almond Beverage for less than half the calories of skim milk. Over cereal, in recipes and more, you won’t miss the sugar, and you’ll be delighted by the taste.*Voted most trusted Almond Plant-Based Beverage by Canadian shoppers based on the 2024 BrandSpark® Canadian Trust Study.</p><ul><li>Vegan</li><li>Dairy free</li><li>Absolutely no cholesterol or saturated fat</li><li>Verified by the Non-GMO Project’s product verification program</li><li>No artificial colours, flavors or funny business</li></ul>", "packageSizing": "1.89 l, $0.25/100ml", "pricing": {"price": "4.79", "wasPrice": null, "displayPrice": "$4.79", "memberOnlyPrice": null, "mopDisplayPrice": null, "ehfTotal": null, "environmentalHandlingFee": null, "taxInfo": ""}, "pricingUnits": {"type": "SOLD_BY_EACH", "unit": "ea", "interval": 1, "minOrderQuantity": 1, "maxOrderQuantity": 24, "weighted": false}, "deal": {"type": "MULTI", "text": "$4.00 MIN 2", "points": 0, "name": "MULTI", "expiryDate": null, "dealPrice": null}, "mopDeal": null, "pcoDeal": null, "inventoryIndicator": null, "offerType": "OG", "offerId": "OG", "action": null, "isVariant": false, "link": "/en/almond-milk-alternative-unsweetened-dairy-free/p/20328231002_EA", "productVendor": null, "productVariant": null, "textBadge": "", "variantTheme": null, "articleNumber": "20328231002", "uom": "EA", "sponsoredCreative": null, "isSponsored": false, "isComplementarySponsored": false, "complementarySponsoredBadgeText": null, "productBadge": {"badgeId": "SUBSCRIBE_EARN", "badgeClass": "badge06", "text": "Subscribe & Earn", "icon": null}}}}
{"store": "Real Canadian Superstore", "site_slug": "realcanadiansuperstore", "source_url": "/search?search-bar=milk&page=1", "scrape_ts": "2025-12-20T23:00:05.458359Z", "external_id": "20107219003_EA", "name": "Almond Breeze, Original", "brand": "Blue Diamond", "size_text": "946 ml, $0.32/100ml", "price": 2.99, "currency": "CAD", "unit_price": 0.32, "unit_price_uom": "100ml", "image_url": "https://digital.loblaws.ca/PCX/20107219003_EA/en/1/4157005272_en_front_centre_marketing_A_1_GS1_Ecommerce_800.png", "category_path": null, "availability": "in_stock", "raw_source": {"type": "next-data", "data": {"index": 53, "promotions": [], "productId": "20107219003_EA", "productImage": [{"imageUrl": "https://digital.loblaws.ca/PCX/20107219003_EA/en/1/4157005272_en_front_centre_marketing_A_1_GS1_Ecommerce_1200.png", "thumbnailUrl": "https://digital.loblaws.ca/PCX/20107219003_EA/en/1/4157005272_en_front_centre_marketing_A_1_GS1_Ecommerce_120.png", "smallUrl": "https://digital.loblaws.ca/PCX/20107219003_EA/en/1/4157005272_en_front_centre_marketing_A_1_GS1_Ecommerce_250.png", "mediumUrl": "https://digital.loblaws.ca/PCX/20107219003_EA/en/1/4157005272_en_front_centre_marketing_A_1_GS1_Ecommerce_400.png", "largeUrl": "https://digital.loblaws.ca/PCX/20107219003_EA/en/1/4157005272_en_front_centre_marketing_A_1_GS1_Ecommerce_800.png", "extraLargeUrl": "https://digital.loblaws.ca/PCX/20107219003_EA/en/1/4157005272_en_front_centre_marketing_A_1_GS1_Ecommerce_1200.png", "smallRetinaUrl": "https://digital.loblaws.ca/PCX/20107219003_EA/en/1/4157005272_en_front_centre_marketing_A_1_GS1_Ecommerce_250.png", "mediumRetinaUrl": "https://digital.loblaws.ca/PCX/20107219003_EA/en/1/4157005272_en_front_centre_marketing_A_1_GS1_Ecommerce_400.png", "largeRetinaUrl": "https://digital.loblaws.ca/PCX/20107219003_EA/en/1/4157005272_en_front_centre_marketing_A_1_GS1_Ecommerce_800.png"}], "brand": "Blue Diamond", "title": "Almond Breeze, Original", "description": "Almond Breeze is a great tasting, no-dairy beverage. It is rich and creamy with a pleasant aftertaste.<br><br>Delicious tasting Almond Brezze.<br><br>Blue Diamond has been producing almonds since 1910. No one knows them, or loves them, like we do. Our 3000 plus growers are dedicated to producing delicious tasting and nutritious almonds for Almond Breeze..<br><br>From the Almond People", "packageSizing": "946 ml, $0.32/100ml", "pricing": {"price": "2.99", "wasPrice": "$3.49", "displayPrice": "$2.99", "memberOnlyPrice": null, "mopDisplayPrice": null, "ehfTotal": null, "environmentalHandlingFee": null, "taxInfo": ""}, "pricingUnits": {"type": "SOLD_BY_EACH", "unit": "ea", "interval": 1, "minOrderQuantity": 1, "maxOrderQuantity": 24, "weighted": false}, "deal": {"type": "SALE", "text": "SAVE $0.50", "points": 0, "name": "SALE", "expiryDate": "2025-12-31T00:00:00Z", "dealPrice": null}, "mopDeal": null, "pcoDeal": null, "inventoryIndicator": null, "offerType": "OG", "offerId": "OG", "action": null, "isVariant": false, "link": "/en/almond-breeze-original/p/20107219003_EA", "productVendor": null, "productVariant": null, "textBadge": "", "variantTheme": null, "articleNumber": "20107219003", "uom": "EA", "sponsoredCreative": null, "isSponsored": false, "isComplementarySponsored": false, "complementarySponsoredBadgeText": null, "productBadge": {"badgeId": "SUBSCRIBE_EARN", "badgeClass": "badge06", "text": "Subscribe & Earn", "icon": null}}}}
{"store": "Real Canadian Superstore", "site_slug": "realcanadiansuperstore", "source_url": "/search?search-bar=milk&page=1", "scrape_ts": "2025-12-20T23:00:05.458359Z", "external_id": "20107219001_EA", "name": "Almond Breeze, Vanilla", "brand": "Blue Diamond", "size_text": "946 ml, $0.32/100ml", "price": 2.99, "currency": "CAD", "unit_price": 0.32, "unit_price_uom": "100ml", "image_url": "https://digital.loblaws.ca/PCX/20107219001_EA/en/1/4157005273_en_front_centre_marketing_A_1_GS1_Ecommerce_800.png", "category_path": null, "availability": "in_stock", "raw_source": {"type": "next-data", "data": {"index": 54, "promotions": [], "productId": "20107219001_EA", "productImage": [{"imageUrl": "https://digital.loblaws.ca/PCX/20107219001_EA/en/1/4157005273_en_front_centre_marketing_A_1_GS1_Ecommerce_1200.png", "thumbnailUrl": "https://digital.loblaws.ca/PCX/20107219001_EA/en/1/4157005273_en_front_centre_marketing_A_1_GS1_Ecommerce_120.png", "smallUrl": "https://digital.loblaws.ca/PCX/20107219001_EA/en/1/4157005273_en_front_centre_marketing_A_1_GS1_Ecommerce_250.png", "mediumUrl": "https://digital.loblaws.ca/PCX/20107219001_EA/en/1/4157005273_en_front_centre_marketing_A_1_GS1_Ecommerce_400.png", "largeUrl": "https://digital.loblaws.ca/PCX/20107219001_EA/en/1/4157005273_en_front_centre_marketing_A_1_GS1_Ecommerce_800.png", "extraLargeUrl": "https://digital.loblaws.ca/PCX/20107219001_EA/en/1/4157005273_en_front_centre_marketing_A_1_GS1_Ecommerce_1200.png", "smallRetinaUrl": "https://digital.loblaws.ca/PCX/20107219001_EA/en/1/4157005273_en_front_centre_marketing_A_1_GS1_Ecommerce_250.png", "mediumRetinaUrl": "https://digital.loblaws.ca/PCX/20107219001_EA/en/1/4157005273_en_front_centre_marketing_A_1_GS1_Ecommerce_400.png", "largeRetinaUrl": "https://digital.loblaws.ca/PCX/20107219001_EA/en/1/4157005273_en_front_centre_marketing_A_1_GS1_Ecommerce_800.png"}], "brand": "Blue Diamond", "title": "Almond Breeze, Vanilla", "description": "Almond Breeze is a great tasting, non-dairy beverage. It is rich and creamy with a pleasant aftertaste.<br><br>Delicious tasting Almond Brezze.<br><br>Blue Diamond has been producing almonds since 1910. No one knows them, or loves them, like we do. Our 3000 plus growers are dedicated to producing delicious tasting and nutritious almonds for Almond Breeze..<br><br>From the Almond People", "packageSizing": "946 ml, $0.32/100ml", "pricing": {"price": "2.99", "wasPrice": "$3.49", "displayPrice": "$2.99", "memberOnlyPrice": null, "mopDisplayPrice": null, "ehfTotal": null, "environmentalHandlingFee": null, "taxInfo": ""}, "pricingUnits": {"type": "SOLD_BY_EACH", "unit": "ea", "interval": 1, "minOrderQuantity": 1, "maxOrderQuantity": 24, "weighted": false}, "deal": {"type": "SALE", "text": "SAVE $0.50", "points": 0, "name": "SALE", "expiryDate": "2025-12-31T00:00:00Z", "dealPrice": null}, "mopDeal": null, "pcoDeal": null, "inventoryIndicator": null, "offerType": "OG", "offerId": "OG", "action": null, "isVariant": false, "link": "/en/almond-breeze-vanilla/p/20107219001_EA", "productVendor": null, "productVariant": null, "textBadge": "", "variantTheme": null, "articleNumber": "20107219001", "uom": "EA", "sponsoredCreative": null, "isSponsored": false, "isComplementarySponsored": false, "complementarySponsoredBadgeText": null, "productBadge": {"badgeId": "SUBSCRIBE_EARN", "badgeClass": "badge06", "text": "Subscribe & Earn", "icon": null}}}}
{"store": "Real Canadian Superstore", "site_slug": "realcanadiansuperstore", "source_url": "/search?search-bar=milk&page=1", "scrape_ts": "2025-12-22T05:05:54.925973Z", "external_id": "21425018_EA", "name": "Purfiltre Partially Skimmed Milk 1%", "brand": "Lactantia", "size_text": "2 l, $0.29/100ml", "price": 5.8, "currency": "CAD", "unit_price": 0.29, "unit_price_uom": "100ml", "image_url": "https://digital.loblaws.ca/PCX/21425018_EA/en/1/21425018_en_front_v1_800.png", "category_path": null, "availability": "in_stock", "raw_source": {"type": "next-data", "data": {"index": 1, "promotions": [], "productId": "21425018_EA", "productImage": [{"imageUrl": "https://digital.loblaws.ca/PCX/21425018_EA/en/1/21425018_en_front_v1_1200.png", "thumbnailUrl": "https://digital.loblaws.ca/PCX/21425018_EA/en/1/21425018_en_front_v1_120.png", "smallUrl": "https://digital.loblaws.ca/PCX/21425018_EA/en/1/21425018_en_front_v1_250.png", "mediumUrl": "https://digital.loblaws.ca/PCX/21425018_EA/en/1/21425018_en_front_v1_400.png", "largeUrl": "https://digital.loblaws.ca/PCX/21425018_EA/en/1/21425018_en_front_v1_800.png", "extraLargeUrl": "https://digital.loblaws.ca/PCX/21425018_EA/en/1/21425018_en_front_v1_1200.png", "smallRetinaUrl": "https://digital.loblaws.ca/PCX/21425018_EA/en/1/21425018_en_front_v1_250.png", "mediumRetinaUrl": "https://digital.loblaws.ca/PCX/21425018_EA/en/1/21425018_en_front_v1_400.png", "largeRetinaUrl": "https://digital.loblaws.ca/PCX/21425018_EA/en/1/21425018_en_front_v1_800.png"}], "brand": "Lactantia", "title": "Purfiltre Partially Skimmed Milk 1%", "description": "<p>Taste the goodness every day with Lactantia PurFiltre 1% Filtered Partially Skimmed Milk. Sourced from Canadian dairies, every drop of this 100% Canadian milk is carefully filtered to provide a smooth, pure taste that stays fresh longer without preservatives. Source of calcium and protein, this low fat milk also contains vitamins A and D, making it a nutritious and delicious choice for the whole family. A delightful, refreshing choice on its own, with cereal, or in blended coffee drinks. Rediscover the farm-fresh flavour of fine filtered milk. Lactantia, for Milk Connoisseurs!</p><ul><li>Smooth and delicious filtered milk that stays fresh longer without preservatives</li><li>100% Canadian milk from Canadian dairies</li><li>Reduced fat, partially skimmed milk with 1% M.F.</li><li>Good source of calcium</li><li>9 g of protein per serving</li><li>Vitamins A & D</li><li>2 L</li></ul>", "packageSizing": "2 l, $0.29/100ml", "pricing": {"price": "5.80", "wasPrice": null, "displayPrice": "$5.80", "memberOnlyPrice": null, "mopDisplayPrice": null, "ehfTotal": null, "environmentalHandlingFee": null, "taxInfo": ""}, "pricingUnits": {"type": "SOLD_BY_EACH", "unit": "ea", "interval": 1, "minOrderQuantity": 1, "maxOrderQuantity": 24, "weighted": false}, "deal": null, "mopDeal": null, "pcoDeal": null, "inventoryIndicator": null, "offerType": "OG", "offerId": "OG", "action": null, "isVariant": false, "link": "/en/purfiltre-partially-skimmed-milk-1/p/21425018_EA", "productVendor": null, "productVariant": null, "textBadge": "", "variantTheme": null, "articleNumber": "21425018", "uom": "EA", "sponsoredCreative": {"adGroupId": "7f1db3e6-cf33-46ee-b873-1a280ee495f2", "campaignId": "68160b76-dd0e-4164-a5b9-3496ff97a501", "placementId": "fdf076c0-aef1-4f4f-8a4b-c9c88ec1f7bb", "encryptedCost": "nonTox+wcap+6aLf2+7FnQpbGC6L9p6R9gkgoc1J97g=", "creativeId": "b0bb6733-5557-4cab-9e34-60a0310c0c7d", "servingId": "65a49c37-12a8-4b83-831e-afd2f7062810", "keyword": "milk", "targetedKeyword": "milk", "matchType": "EXACT_MATCH", "targetPageType": "SRP"}, "isSponsored": true, "isComplementarySponsored": false, "complementarySponsoredBadgeText": null, "productBadge": {"badgeId": "SPONSORED", "badgeClass": null, "text": "Sponsored", "icon": null}}}}
{"store": "Real Canadian Superstore", "site_slug": "realcanadiansuperstore", "source_url": "/search?search-bar=milk&page=1", "scrape_ts": "2025-12-22T05:05:54.925973Z", "external_id": "20188873_EA", "name": "2% Milk", "brand": "Neilson", "size_text": "4 l, $0.16/100ml", "price": 6.25, "currency": "CAD", "unit_price": 0.16, "unit_price_uom": "100ml", "image_url": "https://digital.loblaws.ca/PCX/20188873_EA/en/1/20188873_en_front_800.png", "category_path": null, "availability": "in_stock", "raw_source": {"type": "next-data", "data": {"index": 2, "promotions": [], "productId": "20188873_EA", "productImage": [{"imageUrl": "https://digital.loblaws.ca/PCX/20188873_EA/en/1/20188873_en_front_1200.png", "thumbnailUrl": "https://digital.loblaws.ca/PCX/20188873_EA/en/1/20188873_en_front_120.png", "smallUrl": "https://digital.loblaws.ca/PCX/20188873_EA/en/1/20188873_en_front_250.png", "mediumUrl": "https://digital.loblaws.ca/PCX/20188873_EA/en/1/20188873_en_front_400.png", "largeUrl": "https://digital.loblaws.ca/PCX/20188873_EA/en/1/20188873_en_front_800.png", "extraLargeUrl": "https://digital.loblaws.ca/PCX/20188873_EA/en/1/20188873_en_front_1200.png", "smallRetinaUrl": "https://digital.loblaws.ca/PCX/20188873_EA/en/1/20188873_en_front_250.png", "mediumRetinaUrl": "https://digital.loblaws.ca/PCX/20188873_EA/en/1/20188873_en_front_400.png", "largeRetinaUrl": "https://digital.loblaws.ca/PCX/20188873_EA/en/1/20188873_en_front_800.png"}], "brand": "Neilson", "title": "2% Milk", "description": "Fresh, wholesome milk… naturally from Neilson.Since 1893, Neilson has stood for high quality dairy products. Neilson has always been committed to using the best ingredients, people and processes to produce great tasting quality milk you can depend on. Always fresh, always delicious and always an excellent source of calcium, protein and vitamin D.", "packageSizing": "4 l, $0.16/100ml", "pricing": {"price": "6.25", "wasPrice": null, "displayPrice": "$6.25", "memberOnlyPrice": null, "mopDisplayPrice": null, "ehfTotal": null, "environmentalHandlingFee": null, "taxInfo": ""}, "pricingUnits": {"type": "SOLD_BY_EACH", "unit": "ea", "interval": 1, "minOrderQuantity": 1, "maxOrderQuantity": 24, "weighted": false}, "deal": null, "mopDeal": null, "pcoDeal": null, "inventoryIndicator": null, "offerType": "OG", "offerId": "OG", "action": null, "isVariant": false, "link": "/en/2-milk/p/20188873_EA", "productVendor": null, "productVariant": null, "textBadge": "", "variantTheme": null, "articleNumber": "20188873", "uom": "EA", "sponsoredCreative": null, "isSponsored": false, "isComplementarySponsored": false, "complementarySponsoredBadgeText": null, "productBadge": {"badgeId": "PREPARED_IN_CANADA", "badgeClass": "badge11", "text": "Prepared in Canada", "icon": {"url": "https://dis-prod.assetful.loblaw.ca/content/dam/loblaw-companies-limited/creative-assets/pc-optimum/global-list/maple-leaf-red.png", "altText": "", "placement": "LEFT"}}}}}
{"store": "Real Canadian Superstore", "site_slug": "realcanadiansuperstore", "source_url": "/search?search-bar=milk&page=1", "scrape_ts": "2025-12-22T05:05:54.925973Z", "external_id": "20308979_EA", "name": "Organic Soy Milk Alternative, Unsweetened, Dairy Free", "brand": "Silk", "size_text": "1.89 l, $0.25/100ml", "price": 4.79, "currency": "CAD", "unit_price": 0.25, "unit_price_uom": "100ml", "image_url": "https://digital.loblaws.ca/PCX/20308979_EA/en/1/20308979_en_front_v1_800.png", "category_path": null, "availability": "in_stock", "raw_source": {"type": "next-data", "data": {"index": 3, "promotions": [{"type": "DEAL", "quantity": null, "savings": null, "value": null, "promoCode": "000002787535", "expiryDate": "9999-12-31T00:00:00Z", "title": null, "promoType": null, "pricingMethod": "3", "text": "PC Optimum Points", "reward": "$_FIXED", "callToAction": {"text": "Shop Offer", "url": "/shop-by-promo/000002787535"}}], "productId": "20308979_EA", "productImage": [{"imageUrl": "https://digital.loblaws.ca/PCX/20308979_EA/en/1/20308979_en_front_v1_1200.png", "thumbnailUrl": "https://digital.loblaws.ca/PCX/20308979_EA/en/1/20308979_en_front_v1_120.png", "smallUrl": "https://digital.loblaws.ca/PCX/20308979_EA/en/1/20308979_en_front_v1_250.png", "mediumUrl": "https://digital.loblaws.ca/PCX/20308979_EA/en/1/20308979_en_front_v1_400.png", "largeUrl": "https://digital.loblaws.ca/PCX/20308979_EA/en/1/20308979_en_front_v1_800.png", "extraLargeUrl": "https://digital.loblaws.ca/PCX/20308979_EA/en/1/20308979_en_front_v1_1200.png", "smallRetinaUrl": "https://digital.loblaws.ca/PCX/20308979_EA/en/1/20308979_en_front_v1_250.png", "mediumRetinaUrl": "https://digital.loblaws.ca/PCX/20308979_EA/en/1/20308979_en_front_v1_400.png", "largeRetinaUrl": "https://digital.loblaws.ca/PCX/20308979_EA/en/1/20308979_en_front_v1_800.png"}], "brand": "Silk", "title": "Organic Soy Milk Alternative, Unsweetened, Dairy Free", "description": "<p>Try Silk® Original Unsweetened Soy Beverage anywhere you enjoy dairy milk—over your cereal, in your coffee or simply by itself. It has absolutely no added sugar, plus it is a good source of wholesome, nutritionally-complete soy protein and has as much calcium as dairy milk.</p><ul><li>Vegan</li><li>Dairy free</li><li>Absolutely no cholesterol or saturated fat</li><li>Verified by the Non-GMO Project’s product verification program</li><li>No artificial colours, flavors or funny business</li></ul>", "packageSizing": "1.89 l, $0.25/100ml", "pricing": {"price": "4.79", "wasPrice": null, "displayPrice": "$4.79", "memberOnlyPrice": null, "mopDisplayPrice": null, "ehfTotal": null, "environmentalHandlingFee": null, "taxInfo": ""}, "pricingUnits": {"type": "SOLD_BY_EACH", "unit": "ea", "interval": 1, "minOrderQuantity": 1, "maxOrderQuantity": 24, "weighted": false}, "deal": {"type": "MULTI", "text": "$4.00 MIN 2", "points": 0, "name": "MULTI", "expiryDate": null, "dealPrice": null}, "mopDeal": null, "pcoDeal": null, "inventoryIndicator": null, "offerType": "OG", "offerId": "OG", "action": null, "isVariant": false, "link": "/en/organic-soy-milk-alternative-unsweetened-dairy-fre/p/20308979_EA", "productVendor": null, "productVariant": null, "textBadge": "", "variantTheme": null, "articleNumber": "20308979", "uom": "EA", "sponsoredCreative": {"adGroupId": "efd48f6e-28c6-4828-afc7-8a91f76707e8", "campaignId": "37374ae9-0d35-4f6f-ad6f-5bd9590609f9", "placementId": "fdf076c0-aef1-4f4f-8a4b-c9c88ec1f7bb", "encryptedCost": "nz994kpi+xT8wrKAkeh8SMkkthDJbIWrWVCOXFhzdM8=", "creativeId": "e3793fcd-c089-41ad-b8c9-e6dc3c234bed", "servingId": "65a49c37-12a8-4b83-831e-afd2f7062810", "keyword": "milk", "targetedKeyword": "milk", "matchType": "EXACT_MATCH", "targetPageType": "SRP"}, "isSponsored": true, "isComplementarySponsored": false, "complementarySponsoredBadgeText": null, "productBadge": {"badgeId": "SPONSORED", "badgeClass": null, "text": "Sponsored", "icon": null}}}}
{"store": "Real Canadian Superstore", "site_slug": "realcanadiansuperstore", "source_url": "/search?search-bar=milk&page=1", "scrape_ts": "2025-12-22T05:05:54.925973Z", "external_id": "20863698_EA", "name": "Cashew Milk Alternative, Unsweetened, Dairy Free", "brand": "Silk", "size_text": "1.89 l, $0.25/100ml", "price": 4.79, "currency": "CAD", "unit_price": 0.25, "unit_price_uom": "100ml", "image_url": "https://digital.loblaws.ca/PCX/20863698_EA/en/1/20863698_en_front_v2_800.png", "category_path": null, "availability": "in_stock", "raw_source": {"type": "next-data", "data": {"index": 4, "promotions": [{"type": "DEAL", "quantity": null, "savings": null, "value": null, "promoCode": "000002787535", "expiryDate": "9999-12-31T00:00:00Z", "title": null, "promoType": null, "pricingMethod": "3", "text": "PC Optimum Points", "reward": "$_FIXED", "callToAction": {"text": "Shop Offer", "url": "/shop-by-promo/000002787535"}}], "productId": "20863698_EA", "productImage": [{"imageUrl": "https://digital.loblaws.ca/PCX/20863698_EA/en/1/20863698_en_front_v2_1200.png", "thumbnailUrl": "https://digital.loblaws.ca/PCX/20863698_EA/en/1/20863698_en_front_v2_120.png", "smallUrl": "https://digital.loblaws.ca/PCX/20863698_EA/en/1/20863698_en_front_v2_250.png", "mediumUrl": "https://digital.loblaws.ca/PCX/20863698_EA/en/1/20863698_en_front_v2_400.png", "largeUrl": "https://digital.loblaws.ca/PCX/20863698_EA/en/1/20863698_en_front_v2_800.png", "extraLargeUrl": "https://digital.loblaws.ca/PCX/20863698_EA/en/1/20863698_en_front_v2_1200.png", "smallRetinaUrl": "https://digital.loblaws.ca/PCX/20863698_EA/en/1/20863698_en_front_v2_250.png", "mediumRetinaUrl": "https://digital.loblaws.ca/PCX/20863698_EA/en/1/20863698_en_front_v2_400.png", "largeRetinaUrl": "https://digital.loblaws.ca/PCX/20863698_EA/en/1/20863698_en_front_v2_800.png"}], "brand": "Silk", "title": "Cashew Milk Alternative, Unsweetened, Dairy Free", "description": "<p>Silk® Unsweetened Cashew Beverage is unbelievably creamy with 70% fewer calories than skim milk.1 Made with the special creaminess of cashews, it brings smooth flavour that’s deliciously drinkable and great for recipes. We’ll raise a glass to that.</p><ul><li>Vegan</li><li>Dairy free</li><li>Absolutely no cholesterol or saturated fat</li><li>Verified by the Non-GMO Project’s product verification program</li><li>No artificial colours, flavors or funny business</li></ul>", "packageSizing": "1.89 l, $0.25/100ml", "pricing": {"price": "4.79", "wasPrice": null, "displayPrice": "$4.79", "memberOnlyPrice": null, "mopDisplayPrice": null, "ehfTotal": null, "environmentalHandlingFee": null, "taxInfo": ""}, "pricingUnits": {"type": "SOLD_BY_EACH", "unit": "ea", "interval": 1, "minOrderQuantity": 1, "maxOrderQuantity": 24, "weighted": false}, "deal": {"type": "MULTI", "text": "$4.00 MIN 2", "points": 0, "name": "MULTI", "expiryDate": null, "dealPrice": null}, "mopDeal": null, "pcoDeal": null, "inventoryIndicator": {"indicatorId": "LOW", "text": "Low Stock"}, "offerType": "OG", "offerId": "OG", "action": null, "isVariant": false, "link": "/en/cashew-milk-alternative-unsweetened-dairy-free/p/20863698_EA", "productVendor": null, "productVariant": null, "textBadge": "low-inventory", "variantTheme": null, "articleNumber": "20863698", "uom": "EA", "sponsoredCreative": {"adGroupId": "83e7e128-46fa-49c5-858f-37dc1355cd61", "campaignId": "8f2bf112-7416-4107-955a-a4feb0138b6e", "placementId": "fdf076c0-aef1-4f4f-8a4b-c9c88ec1f7bb", "encryptedCost": "viZIl7lfeUQ5nxSx21VVVgPbuZA/lL2G+vDjuNBUaDU=", "creativeId": "763489d1-b112-4ff5-90e2-ef5db0ecdc75", "servingId": "65a49c37-12a8-4b83-831e-afd2f7062810", "keyword": "milk", "targetedKeyword": "milk", "matchType": "EXACT_MATCH", "targetPageType": "SRP"}, "isSponsored": true, "isComplementarySponsored": false, "complementarySponsoredBadgeText": null, "productBadge": {"badgeId": "SPONSORED", "badgeClass": null, "text": "Sponsored", "icon": null}}}}
{"store": "Real Canadian Superstore", "site_slug": "realcanadiansuperstore", "source_url": "/search?search-bar=milk&page=1", "scrape_ts": "2025-12-22T05:05:54.925973Z", "external_id": "20148677_EA", "name": "2% Microfiltered Milk", "brand": "Neilson", "size_text": "4 l, $0.17/100ml", "price": 6.88, "currency": "CAD", "unit_price": 0.17, "unit_price_uom": "100ml", "image_url": "https://digital.loblaws.ca/PCX/20148677_EA/en/1/20148677_en_front_v1_800.png", "category_path": null, "availability": "in_stock", "raw_source": {"type": "next-data", "data": {"index": 5, "promotions": [], "productId": "20148677_EA", "productImage": [{"imageUrl": "https://digital.loblaws.ca/PCX/20148677_EA/en/1/20148677_en_front_v1_1200.png", "thumbnailUrl": "https://digital.loblaws.ca/PCX/20148677_EA/en/1/20148677_en_front_v1_120.png", "smallUrl": "https://digital.loblaws.ca/PCX/20148677_EA/en/1/20148677_en_front_v1_250.png", "mediumUrl": "https://digital.loblaws.ca/PCX/20148677_EA/en/1/20148677_en_front_v1_400.png", "largeUrl": "https://digital.loblaws.ca/PCX/20148677_EA/en/1/20148677_en_front_v1_800.png", "extraLargeUrl": "https://digital.loblaws.ca/PCX/20148677_EA/en/1/20148677_en_front_v1_1200.png", "smallRetinaUrl": "https://digital.loblaws.ca/PCX/20148677_EA/en/1/20148677_en_front_v1_250.png", "mediumRetinaUrl": "https://digital.loblaws.ca/PCX/20148677_EA/en/1/20148677_en_front_v1_400.png", "largeRetinaUrl": "https://digital.loblaws.ca/PCX/20148677_EA/en/1/20148677_en_front_v1_800.png"}], "brand": "Neilson", "title": "2% Microfiltered Milk", "description": "Fresh, wholesome milk… naturally from Neilson.Since 1893, Neilson has stood for high quality dairy products. Neilson has always been committed to using the best ingredients, people and processes to produce great tasting quality milk you can depend on. Always fresh, always delicious and always an excellent source of calcium, protein and vitamin D.", "packageSizing": "4 l, $0.17/100ml", "pricing": {"price": "6.88", "wasPrice": null, "displayPrice": "$6.88", "memberOnlyPrice": null, "mopDisplayPrice": null, "ehfTotal": null, "environmentalHandlingFee": null, "taxInfo": ""}, "pricingUnits": {"type": "SOLD_BY_EACH", "unit": "ea", "interval": 1, "minOrderQuantity": 1, "maxOrderQuantity": 24, "weighted": false}, "deal": null, "mopDeal": null, "pcoDeal": null, "inventoryIndicator": null, "offerType": "OG", "offerId": "OG", "action": null, "isVariant": false, "link": "/en/2-microfiltered-milk/p/20148677_EA", "productVendor": null, "productVariant": null, "textBadge": "", "variantTheme": null, "articleNumber": "20148677", "uom": "EA", "sponsoredCreative": null, "isSponsored": false, "isComplementarySponsored": false, "complementarySponsoredBadgeText": null, "productBadge": {"badgeId": "PREPARED_IN_CANADA", "badgeClass": "badge11", "text": "Prepared in Canada", "icon": {"url": "https://dis-prod.assetful.loblaw.ca/content/dam/loblaw-companies-limited/creative-assets/pc-optimum/global-list/maple-leaf-red.png", "altText": "", "placement": "LEFT"}}}}}
{"store": "Real Canadian Superstore", "site_slug": "realcanadiansuperstore", "source_url": "/search?search-bar=milk&page=1", "scrape_ts": "2025-12-22T05:05:54.925973Z", "external_id": "20914285_EA", "name": "Cashew Milk Alternative, Unsweetened Vanilla, Dairy Free", "brand": "Silk", "size_text": "1.89 l, $0.25/100ml", "price": 4.79, "currency": "CAD", "unit_price": 0.25, "unit_price_uom": "100ml", "image_url": "https://digital.loblaws.ca/PCX/20914285_EA/en/1/20914285_en_front_v1_800.png", "category_path": null, "availability": "in_stock", "raw_source": {"type": "next-data", "data": {"index": 6, "promotions": [{"type": "DEAL", "quantity": null, "savings": null, "value": null, "promoCode": "000002787535", "expiryDate": "9999-12-31T00:00:00Z", "title": null, "promoType": null, "pricingMethod": "3", "text": "PC Optimum Points", "reward": "$_FIXED", "callToAction": {"text": "Shop Offer", "url": "/shop-by-promo/000002787535"}}], "productId": "20914285_EA", "productImage": [{"imageUrl": "https://digital.loblaws.ca/PCX/20914285_EA/en/1/20914285_en_front_v1_1200.png", "thumbnailUrl": "https://digital.loblaws.ca/PCX/20914285_EA/en/1/20914285_en_front_v1_120.png", "smallUrl": "https://digital.loblaws.ca/PCX/20914285_EA/en/1/20914285_en_front_v1_250.png", "mediumUrl": "https://digital.loblaws.ca/PCX/20914285_EA/en/1/20914285_en_front_v1_400.png", "largeUrl": "https://digital.loblaws.ca/PCX/20914285_EA/en/1/20914285_en_front_v1_800.png", "extraLargeUrl": "https://digital.loblaws.ca/PCX/20914285_EA/en/1/20914285_en_front_v1_1200.png", "smallRetinaUrl": "https://digital.loblaws.ca/PCX/20914285_EA/en/1/20914285_en_front_v1_250.png", "mediumRetinaUrl": "https://digital.loblaws.ca/PCX/20914285_EA/en/1/20914285_en_front_v1_400.png", "largeRetinaUrl": "https://digital.loblaws.ca/PCX/20914285_EA/en/1/20914285_en_front_v1_800.png"}], "brand": "Silk", "title": "Cashew Milk Alternative, Unsweetened Vanilla, Dairy Free", "description": "<p>Silk® Unsweetened Vanilla Cashew Beverage delivers smooth, creamy taste with a delicious note of vanilla. With 70% fewer calories than skim milk and no added sugar, it’s delightfully drinkable. This is “nut” your cow’s milk. Made with creamy cashew butter, our Unsweetened Vanilla Cashew Beverage is the life of the flavour party – and only 25 calories a cup! That’s almost as nuts as all our nut-rageous puns.</p><ul><li>Vegan</li><li>Dairy free</li><li>Absolutely no cholesterol or saturated fat</li><li>Verified by the Non-GMO Project’s product verification program</li><li>No artificial colours, flavors or funny business</li></ul>", "packageSizing": "1.89 l, $0.25/100ml", "pricing": {"price": "4.79", "wasPrice": null, "displayPrice": "$4.79", "memberOnlyPrice": null, "mopDisplayPrice": null, "ehfTotal": null, "environmentalHandlingFee": null, "taxInfo": ""}, "pricingUnits": {"type": "SOLD_BY_EACH", "unit": "ea", "interval": 1, "minOrderQuantity": 1, "maxOrderQuantity": 24, "weighted": false}, "deal": {"type": "MULTI", "text": "$4.00 MIN 2", "points": 0, "name": "MULTI", "expiryDate": null, "dealPrice": null}, "mopDeal": null, "pcoDeal": null, "inventoryIndicator": null, "offerType": "OG", "offerId": "OG", "action": null, "isVariant": false, "link": "/en/cashew-milk-alternative-unsweetened-vanilla-dairy/p/20914285_EA", "productVendor": null, "productVariant": null, "textBadge": "", "variantTheme": null, "articleNumber": "20914285", "uom": "EA", "sponsoredCreative": {"adGroupId": "83e7e128-46fa-49c5-858f-37dc1355cd61", "campaignId": "8f2bf112-7416-4107-955a-a4feb0138b6e", "placementId": "fdf076c0-aef1-4f4f-8a4b-c9c88ec1f7bb", "encryptedCost": "IpX1ntPAAJn1Nbl4ihdSVLXD2CaJ2gM4XbvKbvhx0H4=", "creativeId": "3671c6b8-fb9d-4819-bd07-d83f7046fcab", "servingId": "65a49c37-12a8-4b83-831e-afd2f7062810", "keyword": "milk", "targetedKeyword": "milk", "matchType": "EXACT_MATCH", "targetPageType": "SRP"}, "isSponsored": true, "isComplementarySponsored": false, "complementarySponsoredBadgeText": null, "productBadge": {"badgeId": "SPONSORED", "badgeClass": null, "text": "Sponsored", "icon": null}}}}
{"store": "Real Canadian Superstore", "site_slug": "realcanadiansuperstore", "source_url": "/search?search-bar=milk&page=1", "scrape_ts": "2025-12-22T05:05:54.925973Z", "external_id": "20047439_EA", "name": "1% Milk", "brand": "Neilson", "size_text": "4 l, $0.16/100ml", "price": 6.25, "currency": "CAD", "unit_price": 0.16, "unit_price_uom": "100ml", "image_url": "https://digital.loblaws.ca/PCX/20047439_EA/en/1/20047439_en_front_800.png", "category_path": null, "availability": "in_stock", "raw_source": {"type": "next-data", "data": {"index": 7, "promotions": [], "productId": "20047439_EA", "productImage": [{"imageUrl": "https://digital.loblaws.ca/PCX/20047439_EA/en/1/20047439_en_front_1200.png", "thumbnailUrl": "https://digital.loblaws.ca/PCX/20047439_EA/en/1/20047439_en_front_120.png", "smallUrl": "https://digital.loblaws.ca/PCX/20047439_EA/en/1/20047439_en_front_250.png", "mediumUrl": "https://digital.loblaws.ca/PCX/20047439_EA/en/1/20047439_en_front_400.png", "largeUrl": "https://digital.loblaws.ca/PCX/20047439_EA/en/1/20047439_en_front_800.png", "extraLargeUrl": "https://digital.loblaws.ca/PCX/20047439_EA/en/1/20047439_en_front_1200.png", "smallRetinaUrl": "https://digital.loblaws.ca/PCX/20047439_EA/en/1/20047439_en_front_250.png", "mediumRetinaUrl": "https://digital.loblaws.ca/PCX/20047439_EA/en/1/20047439_en_front_400.png", "largeRetinaUrl": "https://digital.loblaws.ca/PCX/20047439_EA/en/1/20047439_en_front_800.png"}], "brand": "Neilson", "title": "1% Milk", "description": "Fresh, wholesome milk… naturally from Neilson.Since 1893, Neilson has stood for high quality dairy products. Neilson has always been committed to using the best ingredients, people and processes to produce great tasting quality milk you can depend on. Always fresh, always delicious and always an excellent source of calcium, protein and vitamin D.", "packageSizing": "4 l, $0.16/100ml", "pricing": {"price": "6.25", "wasPrice": null, "displayPrice": "$6.25", "memberOnlyPrice": null, "mopDisplayPrice": null, "ehfTotal": null, "environmentalHandlingFee": null, "taxInfo": ""}, "pricingUnits": {"type": "SOLD_BY_EACH", "unit": "ea", "interval": 1, "minOrderQuantity": 1, "maxOrderQuantity": 24, "weighted": false}, "deal": null, "mopDeal": null, "pcoDeal": null, "inventoryIndicator": null, "offerType": "OG", "offerId": "OG", "action": null, "isVariant": false, "link": "/en/1-milk/p/20047439_EA", "productVendor": null, "productVariant": null, "textBadge": "", "variantTheme": null, "articleNumber": "20047439", "uom": "EA", "sponsoredCreative": null, "isSponsored": false, "isComplementarySponsored": false, "complementarySponsoredBadgeText": null, "productBadge": {"badgeId": "PREPARED_IN_CANADA", "badgeClass": "badge11", "text": "Prepared in Canada", "icon": {"url": "https://dis-prod.assetful.loblaw.ca/content/dam/loblaw-companies-limited/creative-assets/pc-optimum/global-list/maple-leaf-red.png", "altText": "", "placement": "LEFT"}}}}}
{"store": "Real Canadian Superstore", "site_slug": "realcanadiansuperstore", "source_url": "/search?search-bar=milk&page=1", "scrape_ts": "2025-12-22T05:05:54.925973Z", "external_id": "20773777_EA", "name": "Coconut Milk Alternative, Unsweetened, Dairy Free", "brand": "Silk", "size_text": "1.89 l, $0.25/100ml", "price": 4.79, "currency": "CAD", "unit_price": 0.25, "unit_price_uom": "100ml", "image_url": "https://digital.loblaws.ca/PCX/20773777_EA/en/1/20773777_en_front_v1_800.png", "category_path": null, "availability": "in_stock", "raw_source": {"type": "next-data", "data": {"index": 8, "promotions": [{"type": "DEAL", "quantity": null, "savings": null, "value": null, "promoCode": "000002787535", "expiryDate": "9999-12-31T00:00:00Z", "title": null, "promoType": null, "pricingMethod": "3", "text": "PC Optimum Points", "reward": "$_FIXED", "callToAction": {"text": "Shop Offer", "url": "/shop-by-promo/000002787535"}}], "productId": "20773777_EA", "productImage": [{"imageUrl": "https://digital.loblaws.ca/PCX/20773777_EA/en/1/20773777_en_front_v1_1200.png", "thumbnailUrl": "https://digital.loblaws.ca/PCX/20773777_EA/en/1/20773777_en_front_v1_120.png", "smallUrl": "https://digital.loblaws.ca/PCX/20773777_EA/en/1/20773777_en_front_v1_250.png", "mediumUrl": "https://digital.loblaws.ca/PCX/20773777_EA/en/1/20773777_en_front_v1_400.png", "largeUrl": "https://digital.loblaws.ca/PCX/20773777_EA/en/1/20773777_en_front_v1_800.png", "extraLargeUrl": "https://digital.loblaws.ca/PCX/20773777_EA/en/1/20773777_en_front_v1_1200.png", "smallRetinaUrl": "https://digital.loblaws.ca/PCX/20773777_EA/en/1/20773777_en_front_v1_250.png", "mediumRetinaUrl": "https://digital.loblaws.ca/PCX/20773777_EA/en/1/20773777_en_front_v1_400.png", "largeRetinaUrl": "https://digital.loblaws.ca/PCX/20773777_EA/en/1/20773777_en_front_v1_800.png"}], "brand": "Silk", "title": "Coconut Milk Alternative, Unsweetened, Dairy Free", "description": "<p>Grab a taste of the tropics with Silk® Unsweetened Coconut Beverage. Each yummy serving is 50 calories, with no added sugar. And just like our original coconut beverage, it brings wonderfully rich flavour with just as much calcium as dairy milk. It’s perfect for smoothies, recipes or straight up in a glass for some coconutty goodness any time of day.</p><ul><li>Vegan</li><li>Dairy free</li><li>Absolutely no cholesterol or saturated fat</li><li>Verified by the Non-GMO Project’s product verification program</li><li>No artificial colours, flavors or funny business</li></ul>", "packageSizing": "1.89 l, $0.25/100ml", "pricing": {"price": "4.79", "wasPrice": null, "displayPrice": "$4.79", "memberOnlyPrice": null, "mopDisplayPrice": null, "ehfTotal": null, "environmentalHandlingFee": null, "taxInfo": ""}, "pricingUnits": {"type": "SOLD_BY_EACH", "unit": "ea", "interval": 1, "minOrderQuantity": 1, "maxOrderQuantity": 24, "weighted": false}, "deal": {"type": "MULTI", "text": "$4.00 MIN 2", "points": 0, "name": "MULTI", "expiryDate": null, "dealPrice": null}, "mopDeal": null, "pcoDeal": null, "inventoryIndicator": null, "offerType": "OG", "offerId": "OG", "action": null, "isVariant": false, "link": "/en/coconut-milk-alternative-unsweetened-dairy-free/p/20773777_EA", "productVendor": null, "productVariant": null, "textBadge": "", "variantTheme": null, "articleNumber": "20773777", "uom": "EA", "sponsoredCreative": {"adGroupId": "83e7e128-46fa-49c5-858f-37dc1355cd61", "campaignId": "8f2bf112-7416-4107-955a-a4feb0138b6e", "placementId": "fdf076c0-aef1-4f4f-8a4b-c9c88ec1f7bb", "encryptedCost": "MKm9lyKDtAUPigNv34uPFjHOOoECmabTVnUKALEfghk=", "creativeId": "5784f802-d77d-4d81-83fc-c34a8e699cd2", "servingId": "65a49c37-12a8-4b83-831e-afd2f7062810", "keyword": "milk", "targetedKeyword": "milk", "matchType": "EXACT_MATCH", "targetPageType": "SRP"}, "isSponsored": true, "isComplementarySponsored": false, "complementarySponsoredBadgeText": null, "productBadge": {"badgeId": "SPONSORED", "badgeClass": null, "text": "Sponsored", "icon": null}}}}
{"store": "Real Canadian Superstore", "site_slug": "realcanadiansuperstore", "source_url": "/search?search-bar=milk&page=1", "scrape_ts": "2025-12-22T05:05:54.925973Z", "external_id": "20160571_EA", "name": "3.25% Homogenized Milk", "brand": "Neilson", "size_text": "4 l, $0.18/100ml", "price": 7.25, "currency": "CAD", "unit_price": 0.18, "unit_price_uom": "100ml", "image_url": "https://digital.loblaws.ca/PCX/20160571_EA/en/1/20160571_en_front_800.png", "category_path": null, "availability": "in_stock", "raw_source": {"type": "next-data", "data": {"index": 9, "promotions": [], "productId": "20160571_EA", "productImage": [{"imageUrl": "https://digital.loblaws.ca/PCX/20160571_EA/en/1/20160571_en_front_1200.png", "thumbnailUrl": "https://digital.loblaws.ca/PCX/20160571_EA/en/1/20160571_en_front_120.png", "smallUrl": "https://digital.loblaws.ca/PCX/20160571_EA/en/1/20160571_en_front_250.png", "mediumUrl": "https://digital.loblaws.ca/PCX/20160571_EA/en/1/20160571_en_front_400.png", "largeUrl": "https://digital.loblaws.ca/PCX/20160571_EA/en/1/20160571_en_front_800.png", "extraLargeUrl": "https://digital.loblaws.ca/PCX/20160571_EA/en/1/20160571_en_front_1200.png", "smallRetinaUrl": "https://digital.loblaws.ca/PCX/20160571_EA/en/1/20160571_en_front_250.png", "mediumRetinaUrl": "https://digital.loblaws.ca/PCX/20160571_EA/en/1/20160571_en_front_400.png", "largeRetinaUrl": "https://digital.loblaws.ca/PCX/20160571_EA/en/1/20160571_en_front_800.png"}], "brand": "Neilson", "title": "3.25% Homogenized Milk", "description": "Fresh, wholesome milk… naturally from Neilson.Since 1893, Neilson has stood for high quality dairy products. Neilson has always been committed to using the best ingredients, people and processes to produce great tasting quality milk you can depend on. Always fresh, always delicious and always an excellent source of calcium, protein and vitamin D.", "packageSizing": "4 l, $0.18/100ml", "pricing": {"price": "7.25", "wasPrice": null, "displayPrice": "$7.25", "memberOnlyPrice": null, "mopDisplayPrice": null, "ehfTotal": null, "environmentalHandlingFee": null, "taxInfo": ""}, "pricingUnits": {"type": "SOLD_BY_EACH", "unit": "ea", "interval": 1, "minOrderQuantity": 1, "maxOrderQuantity": 24, "weighted": false}, "deal": null, "mopDeal": null, "pcoDeal": null, "inventoryIndicator": null, "offerType": "OG", "offerId": "OG", "action": null, "isVariant": false, "link": "/en/3-25-homogenized-milk/p/20160571_EA", "productVendor": null, "productVariant": null, "textBadge": "", "variantTheme": null, "articleNumber": "20160571", "uom": "EA", "sponsoredCreative": null, "isSponsored": false, "isComplementarySponsored": false, "complementarySponsoredBadgeText": null, "productBadge": {"badgeId": "PREPARED_IN_CANADA", "badgeClass": "badge11", "text": "Prepared in Canada", "icon": {"url": "https://dis-prod.assetful.loblaw.ca/content/dam/loblaw-companies-limited/creative-assets/pc-optimum/global-list/maple-leaf-red.png", "altText": "", "placement": "LEFT"}}}}}
{"store": "Real Canadian Superstore", "site_slug": "realcanadiansuperstore", "source_url": "/search?search-bar=milk&page=1", "scrape_ts": "2025-12-22T05:05:54.925973Z", "external_id": "20124384001_EA", "name": "Organic Soy Milk Alternative, Original, Dairy Free", "brand": "Silk", "size_text": "1.89 l, $0.25/100ml", "price": 4.79, "currency": "CAD", "unit_price": 0.25, "unit_price_uom": "100ml", "image_url": "https://digital.loblaws.ca/PCX/20124384001_EA/en/1/20124384001_en_front_v2_800.png", "category_path": null, "availability": "in_stock", "raw_source": {"type": "next-data", "data": {"index": 10, "promotions": [{"type": "DEAL", "quantity": null, "savings": null, "value": null, "promoCode": "000002787535", "expiryDate": "9999-12-31T00:00:00Z", "title": null, "promoType": null, "pricingMethod": "3", "text": "PC Optimum Points", "reward": "$_FIXED", "callToAction": {"text": "Shop Offer", "url": "/shop-by-promo/000002787535"}}], "productId": "20124384001_EA", "productImage": [{"imageUrl": "https://digital.loblaws.ca/PCX/20124384001_EA/en/1/20124384001_en_front_v2_1200.png", "thumbnailUrl": "https://digital.loblaws.ca/PCX/20124384001_EA/en/1/20124384001_en_front_v2_120.png", "smallUrl": "https://digital.loblaws.ca/PCX/20124384001_EA/en/1/20124384001_en_front_v2_250.png", "mediumUrl": "https://digital.loblaws.ca/PCX/20124384001_EA/en/1/20124384001_en_front_v2_400.png", "largeUrl": "https://digital.loblaws.ca/PCX/20124384001_EA/en/1/20124384001_en_front_v2_800.png", "extraLargeUrl": "https://digital.loblaws.ca/PCX/20124384001_EA/en/1/20124384001_en_front_v2_1200.png", "smallRetinaUrl": "https://digital.loblaws.ca/PCX/20124384001_EA/en/1/20124384001_en_front_v2_250.png", "mediumRetinaUrl": "https://digital.loblaws.ca/PCX/20124384001_EA/en/1/20124384001_en_front_v2_400.png", "largeRetinaUrl": "https://digital.loblaws.ca/PCX/20124384001_EA/en/1/20124384001_en_front_v2_800.png"}], "brand": "Silk", "title": "Organic Soy Milk Alternative, Original, Dairy Free", "description": "<p>Try Silk® Original Soy Beverage anywhere you enjoy dairy milk—over your cereal, in your coffee or simply by itself. It has as much calcium as dairy milk, and is a good source of wholesome, nutritionally-complete soy protein.</p><ul><li>Vegan</li><li>Dairy free</li><li>Absolutely no cholesterol or saturated fat</li><li>Verified by the Non-GMO Project’s product verification program</li><li>No artificial colours, flavors or funny business</li></ul>", "packageSizing": "1.89 l, $0.25/100ml", "pricing": {"price": "4.79", "wasPrice": null, "displayPrice": "$4.79", "memberOnlyPrice": null, "mopDisplayPrice": null, "ehfTotal": null, "environmentalHandlingFee": null, "taxInfo": ""}, "pricingUnits": {"type": "SOLD_BY_EACH", "unit": "ea", "interval": 1, "minOrderQuantity": 1, "maxOrderQuantity": 24, "weighted": false}, "deal": {"type": "MULTI", "text": "$4.00 MIN 2", "points": 0, "name": "MULTI", "expiryDate": null, "dealPrice": null}, "mopDeal": null, "pcoDeal": null, "inventoryIndicator": null, "offerType": "OG", "offerId": "OG", "action": null, "isVariant": false, "link": "/en/organic-soy-milk-alternative-original-dairy-free/p/20124384001_EA", "productVendor": null, "productVariant": null, "textBadge": "", "variantTheme": null, "articleNumber": "20124384001", "uom": "EA", "sponsoredCreative": {"adGroupId": "efd48f6e-28c6-4828-afc7-8a91f76707e8", "campaignId": "37374ae9-0d35-4f6f-ad6f-5bd9590609f9", "placementId": "fdf076c0-aef1-4f4f-8a4b-c9c88ec1f7bb", "encryptedCost": "/DNCWzFTktSMxQY3+OHoB3TFhak0zc5QouD4UJ6bmcQ=", "creativeId": "2daee78e-36b5-40ab-a2c3-3c029bc34d79", "servingId": "65a49c37-12a8-4b83-831e-afd2f7062810", "keyword": "milk", "targetedKeyword": "milk", "matchType": "EXACT_MATCH", "targetPageType": "SRP"}, "isSponsored": true, "isComplementarySponsored": false, "complementarySponsoredBadgeText": null, "productBadge": {"badgeId": "SPONSORED", "badgeClass": null, "text": "Sponsored", "icon": null}}}}
{"store": "Real Canadian Superstore", "site_slug": "realcanadiansuperstore", "source_url": "/search?search-bar=milk&page=1", "scrape_ts": "2025-12-22T05:05:54.925973Z", "external_id": "20130270_EA", "name": "2% Microfiltered Milk", "brand": "Neilson", "size_text": "2 l, $0.28/100ml", "price": 5.69, "currency": "CAD", "unit_price": 0.28, "unit_price_uom": "100ml", "image_url": "https://digital.loblaws.ca/PCX/20130270_EA/en/1/20130270_en_front_800.png", "category_path": null, "availability": "in_stock", "raw_source": {"type": "next-data", "data": {"index": 11, "promotions": [], "productId": "20130270_EA", "productImage": [{"imageUrl": "https://digital.loblaws.ca/PCX/20130270_EA/en/1/20130270_en_front_1200.png", "thumbnailUrl": "https://digital.loblaws.ca/PCX/20130270_EA/en/1/20130270_en_front_120.png", "smallUrl": "https://digital.loblaws.ca/PCX/20130270_EA/en/1/20130270_en_front_250.png", "mediumUrl": "https://digital.loblaws.ca/PCX/20130270_EA/en/1/20130270_en_front_400.png", "largeUrl": "https://digital.loblaws.ca/PCX/20130270_EA/en/1/20130270_en_front_800.png", "extraLargeUrl": "https://digital.loblaws.ca/PCX/20130270_EA/en/1/20130270_en_front_1200.png", "smallRetinaUrl": "https://digital.loblaws.ca/PCX/20130270_EA/en/1/20130270_en_front_250.png", "mediumRetinaUrl": "https://digital.loblaws.ca/PCX/20130270_EA/en/1/20130270_en_front_400.png", "largeRetinaUrl": "https://digital.loblaws.ca/PCX/20130270_EA/en/1/20130270_en_front_800.png"}], "brand": "Neilson", "title": "2% Microfiltered Milk", "description": "Fresh, wholesome milk… naturally from Neilson.Since 1893, Neilson has stood for high quality dairy products. Neilson has always been committed to using the best ingredients, people and processes to produce great tasting quality milk you can depend on. Always fresh, always delicious and always an excellent source of calcium, protein and vitamin D.", "packageSizing": "2 l, $0.28/100ml", "pricing": {"price": "5.69", "wasPrice": null, "displayPrice": "$5.69", "memberOnlyPrice": null, "mopDisplayPrice": null, "ehfTotal": null, "environmentalHandlingFee": null, "taxInfo": ""}, "pricingUnits": {"type": "SOLD_BY_EACH", "unit": "ea", "interval": 1, "minOrderQuantity": 1, "maxOrderQuantity": 24, "weighted": false}, "deal": null, "mopDeal": null, "pcoDeal": null, "inventoryIndicator": null, "offerType": "OG", "offerId": "OG", "action": null, "isVariant": false, "link": "/en/2-microfiltered-milk/p/20130270_EA", "productVendor": null, "productVariant": null, "textBadge": "", "variantTheme": null, "articleNumber": "20130270", "uom": "EA", "sponsoredCreative": null, "isSponsored": false, "isComplementarySponsored": false, "complementarySponsoredBadgeText": null, "productBadge": {"badgeId": "PREPARED_IN_CANADA", "badgeClass": "badge11", "text": "Prepared in Canada", "icon": {"url": "https://dis-prod.assetful.loblaw.ca/content/dam/loblaw-companies-limited/creative-assets/pc-optimum/global-list/maple-leaf-red.png", "altText": "", "placement": "LEFT"}}}}}
{"store": "Real Canadian Superstore", "site_slug": "realcanadiansuperstore", "source_url": "/search?search-bar=milk&page=1", "scrape_ts": "2025-12-22T05:05:54.925973Z", "external_id": "21528313_EA", "name": "Lactose Free Feta Cheese", "brand": "Saputo", "size_text": "200 g, $3.75/100g", "price": 7.49, "currency": "CAD", "unit_price": 3.75, "unit_price_uom": "100g", "image_url": "https://digital.loblaws.ca/PCX/21528313_EA/en/1/21528313_en_front_800.png", "category_path": null, "availability": "in_stock", "raw_source": {"type": "next-data", "data": {"index": 12, "promotions": [], "productId": "21528313_EA", "productImage": [{"imageUrl": "https://digital.loblaws.ca/PCX/21528313_EA/en/1/21528313_en_front_1200.png", "thumbnailUrl": "https://digital.loblaws.ca/PCX/21528313_EA/en/1/21528313_en_front_120.png", "smallUrl": "https://digital.loblaws.ca/PCX/21528313_EA/en/1/21528313_en_front_250.png", "mediumUrl": "https://digital.loblaws.ca/PCX/21528313_EA/en/1/21528313_en_front_400.png", "largeUrl": "https://digital.loblaws.ca/PCX/21528313_EA/en/1/21528313_en_front_800.png", "extraLargeUrl": "https://digital.loblaws.ca/PCX/21528313_EA/en/1/21528313_en_front_1200.png", "smallRetinaUrl": "https://digital.loblaws.ca/PCX/21528313_EA/en/1/21528313_en_front_250.png", "mediumRetinaUrl": "https://digital.loblaws.ca/PCX/21528313_EA/en/1/21528313_en_front_400.png", "largeRetinaUrl": "https://digital.loblaws.ca/PCX/21528313_EA/en/1/21528313_en_front_800.png"}], "brand": "Saputo", "title": "Lactose Free Feta Cheese", "description": "Feta cheese can be used in a variety of recipes such as salads, pastas, pizzas, and much more. This lactose-free Feta cheese has a mild, fresh, and creamy taste that is just as delicious as our other Feta cheeses! Perfect for those with lactose intolerance, it adds a delightful flavour to any dish, making it a versatile and tasty addition to your culinary creations.", "packageSizing": "200 g, $3.75/100g", "pricing": {"price": "7.49", "wasPrice": null, "displayPrice": "$7.49", "memberOnlyPrice": null, "mopDisplayPrice": null, "ehfTotal": null, "environmentalHandlingFee": null, "taxInfo": ""}, "pricingUnits": {"type": "SOLD_BY_EACH", "unit": "ea", "interval": 1, "minOrderQuantity": 1, "maxOrderQuantity": 24, "weighted": false}, "deal": null, "mopDeal": null, "pcoDeal": null, "inventoryIndicator": null, "offerType": "OG", "offerId": "OG", "action": null, "isVariant": false, "link": "/en/lactose-free-feta-cheese/p/21528313_EA", "productVendor": null, "productVariant": null, "textBadge": "", "variantTheme": null, "articleNumber": "21528313", "uom": "EA", "sponsoredCreative": {"adGroupId": "6d4fc098-d9b1-44c3-81c2-0dd3f224e5d1", "campaignId": "567c7537-5da1-47b7-9b20-bc9bd8739e2c", "placementId": "fdf076c0-aef1-4f4f-8a4b-c9c88ec1f7bb", "encryptedCost": "a4+o58WQYQ4EDzzbVy7Otl7DxvXVz14LtQLXldVFg8A=", "creativeId": "cdb54090-401a-45a9-9aad-8feb71a85c15", "servingId": "65a49c37-12a8-4b83-831e-afd2f7062810", "keyword": "milk", "targetedKeyword": "milk", "matchType": "EXACT_MATCH", "targetPageType": "SRP"}, "isSponsored": true, "isComplementarySponsored": true, "complementarySponsoredBadgeText": "You might like", "productBadge": {"badgeId": "SPONSORED", "badgeClass": null, "text": "Sponsored", "icon": null}}}}
{"store": "Real Canadian Superstore", "site_slug": "realcanadiansuperstore", "source_url": "/search?search-bar=milk&page=1", "scrape_ts": "2025-12-22T05:05:54.925973Z", "external_id": "20136554_EA", "name": "1% Microfiltered Milk", "brand": "Neilson", "size_text": "4 l, $0.17/100ml", "price": 6.88, "currency": "CAD", "unit_price": 0.17, "unit_price_uom": "100ml", "image_url": "https://digital.loblaws.ca/PCX/20136554_EA/en/1/20136554_en_front_v1_800.png", "category_path": null, "availability": "in_stock", "raw_source": {"type": "next-data", "data": {"index": 13, "promotions": [], "productId": "20136554_EA", "productImage": [{"imageUrl": "https://digital.loblaws.ca/PCX/20136554_EA/en/1/20136554_en_front_v1_1200.png", "thumbnailUrl": "https://digital.loblaws.ca/PCX/20136554_EA/en/1/20136554_en_front_v1_120.png", "smallUrl": "https://digital.loblaws.ca/PCX/20136554_EA/en/1/20136554_en_front_v1_250.png", "mediumUrl": "https://digital.loblaws.ca/PCX/20136554_EA/en/1/20136554_en_front_v1_400.png", "largeUrl": "https://digital.loblaws.ca/PCX/20136554_EA/en/1/20136554_en_front_v1_800.png", "extraLargeUrl": "https://digital.loblaws.ca/PCX/20136554_EA/en/1/20136554_en_front_v1_1200.png", "smallRetinaUrl": "https://digital.loblaws.ca/PCX/20136554_EA/en/1/20136554_en_front_v1_250.png", "mediumRetinaUrl": "https://digital.loblaws.ca/PCX/20136554_EA/en/1/20136554_en_front_v1_400.png", "largeRetinaUrl": "https://digital.loblaws.ca/PCX/20136554_EA/en/1/20136554_en_front_v1_800.png"}], "brand": "Neilson", "title": "1% Microfiltered Milk", "description": "Fresh, wholesome milk… naturally from Neilson.Since 1893, Neilson has stood for high quality dairy products. Neilson has always been committed to using the best ingredients, people and processes to produce great tasting quality milk you can depend on. Always fresh, always delicious and always an excellent source of calcium, protein and vitamin D.", "packageSizing": "4 l, $0.17/100ml", "pricing": {"price": "6.88", "wasPrice": null, "displayPrice": "$6.88", "memberOnlyPrice": null, "mopDisplayPrice": null, "ehfTotal": null, "environmentalHandlingFee": null, "taxInfo": ""}, "pricingUnits": {"type": "SOLD_BY_EACH", "unit": "ea", "interval": 1, "minOrderQuantity": 1, "maxOrderQuantity": 24, "weighted": false}, "deal": null, "mopDeal": null, "pcoDeal": null, "inventoryIndicator": null, "offerType": "OG", "offerId": "OG", "action": null, "isVariant": false, "link": "/en/1-microfiltered-milk/p/20136554_EA", "productVendor": null, "productVariant": null, "textBadge": "", "variantTheme": null, "articleNumber": "20136554", "uom": "EA", "sponsoredCreative": null, "isSponsored": false, "isComplementarySponsored": false, "complementarySponsoredBadgeText": null, "productBadge": {"badgeId": "PREPARED_IN_CANADA", "badgeClass": "badge11", "text": "Prepared in Canada", "icon": {"url": "https://dis-prod.assetful.loblaw.ca/content/dam/loblaw-companies-limited/creative-assets/pc-optimum/global-list/maple-leaf-red.png", "altText": "", "placement": "LEFT"}}}}}
{"store": "Real Canadian Superstore", "site_slug": "realcanadiansuperstore", "source_url": "/search?search-bar=milk&page=1", "scrape_ts": "2025-12-22T05:05:54.925973Z", "external_id": "21279387_EA", "name": "Plant Butter, Unsalted", "brand": "Becel", "size_text": "454 g, $1.32/100g", "price": 5.99, "currency": "CAD", "unit_price": 1.32, "unit_price_uom": "100g", "image_url": "https://digital.loblaws.ca/PCX/21279387_EA/en/1/21279387_en_front_v2_800.png", "category_path": null, "availability": "in_stock", "raw_source": {"type": "next-data", "data": {"index": 14, "promotions": [], "productId": "21279387_EA", "productImage": [{"imageUrl": "https://digital.loblaws.ca/PCX/21279387_EA/en/1/21279387_en_front_v2_1200.png", "thumbnailUrl": "https://digital.loblaws.ca/PCX/21279387_EA/en/1/21279387_en_front_v2_120.png", "smallUrl": "https://digital.loblaws.ca/PCX/21279387_EA/en/1/21279387_en_front_v2_250.png", "mediumUrl": "https://digital.loblaws.ca/PCX/21279387_EA/en/1/21279387_en_front_v2_400.png", "largeUrl": "https://digital.loblaws.ca/PCX/21279387_EA/en/1/21279387_en_front_v2_800.png", "extraLargeUrl": "https://digital.loblaws.ca/PCX/21279387_EA/en/1/21279387_en_front_v2_1200.png", "smallRetinaUrl": "https://digital.loblaws.ca/PCX/21279387_EA/en/1/21279387_en_front_v2_250.png", "mediumRetinaUrl": "https://digital.loblaws.ca/PCX/21279387_EA/en/1/21279387_en_front_v2_400.png", "largeRetinaUrl": "https://digital.loblaws.ca/PCX/21279387_EA/en/1/21279387_en_front_v2_800.png"}], "brand": "Becel", "title": "Plant Butter, Unsalted", "description": "<p>Becel®  Plant-Based Butter tastes, cooks, and bakes like dairy butter. Vegan and  dairy free, it's the perfect 1:1 swap for butter in any recipe. Butter lovers  love it. No artificial preservatives, flavours or colours. Lifestyle &  Dietary Needs: Kosher, Vegan, Halal, Dairy-free, Lactose-free, Gluten-free,  No artificial preservatives, Non-hydrogenated.</p>", "packageSizing": "454 g, $1.32/100g", "pricing": {"price": "5.99", "wasPrice": null, "displayPrice": "$5.99", "memberOnlyPrice": null, "mopDisplayPrice": null, "ehfTotal": null, "environmentalHandlingFee": null, "taxInfo": ""}, "pricingUnits": {"type": "SOLD_BY_EACH", "unit": "ea", "interval": 1, "minOrderQuantity": 1, "maxOrderQuantity": 24, "weighted": false}, "deal": null, "mopDeal": null, "pcoDeal": null, "inventoryIndicator": null, "offerType": "OG", "offerId": "OG", "action": null, "isVariant": false, "link": "/en/plant-butter-unsalted/p/21279387_EA", "productVendor": null, "productVariant": null, "textBadge": "", "variantTheme": null, "articleNumber": "21279387", "uom": "EA", "sponsoredCreative": {"adGroupId": "93492714-40af-4b06-8663-d5d69a961556", "campaignId": "f34374c5-206a-4ec4-b9fc-d241dff48480", "placementId": "fdf076c0-aef1-4f4f-8a4b-c9c88ec1f7bb", "encryptedCost": "ugdsbjNZOgDbWZe+CkzX5RIux6thmKeE5W/fS6plXx4=", "creativeId": "6496c1e1-9e1d-4a54-b1bd-24d2359bf7ad", "servingId": "65a49c37-12a8-4b83-831e-afd2f7062810", "keyword": "milk", "targetedKeyword": "milk", "matchType": "EXACT_MATCH", "targetPageType": "SRP"}, "isSponsored": true, "isComplementarySponsored": true, "complementarySponsoredBadgeText": "You might like", "productBadge": {"badgeId": "SPONSORED", "badgeClass": null, "text": "Sponsored", "icon": null}}}}
{"store": "Real Canadian Superstore", "site_slug": "realcanadiansuperstore", "source_url": "/search?search-bar=milk&page=1", "scrape_ts": "2025-12-22T05:05:54.925973Z", "external_id": "20149754_EA", "name": "2% Milk", "brand": "Neilson", "size_text": "1 l, $0.36/100ml", "price": 3.58, "currency": "CAD", "unit_price": 0.36, "unit_price_uom": "100ml", "image_url": "https://digital.loblaws.ca/PCX/20149754_EA/en/1/20149754_en_front_800.png", "category_path": null, "availability": "in_stock", "raw_source": {"type": "next-data", "data": {"index": 15, "promotions": [], "productId": "20149754_EA", "productImage": [{"imageUrl": "https://digital.loblaws.ca/PCX/20149754_EA/en/1/20149754_en_front_1200.png", "thumbnailUrl": "https://digital.loblaws.ca/PCX/20149754_EA/en/1/20149754_en_front_120.png", "smallUrl": "https://digital.loblaws.ca/PCX/20149754_EA/en/1/20149754_en_front_250.png", "mediumUrl": "https://digital.loblaws.ca/PCX/20149754_EA/en/1/20149754_en_front_400.png", "largeUrl": "https://digital.loblaws.ca/PCX/20149754_EA/en/1/20149754_en_front_800.png", "extraLargeUrl": "https://digital.loblaws.ca/PCX/20149754_EA/en/1/20149754_en_front_1200.png", "smallRetinaUrl": "https://digital.loblaws.ca/PCX/20149754_EA/en/1/20149754_en_front_250.png", "mediumRetinaUrl": "https://digital.loblaws.ca/PCX/20149754_EA/en/1/20149754_en_front_400.png", "largeRetinaUrl": "https://digital.loblaws.ca/PCX/20149754_EA/en/1/20149754_en_front_800.png"}], "brand": "Neilson", "title": "2% Milk", "description": "Fresh, wholesome milk… naturally from Neilson.Since 1893, Neilson has stood for high quality dairy products. Neilson has always been committed to using the best ingredients, people and processes to produce great tasting quality milk you can depend on. Always fresh, always delicious and always an excellent source of calcium, protein and vitamin D.", "packageSizing": "1 l, $0.36/100ml", "pricing": {"price": "3.58", "wasPrice": null, "displayPrice": "$3.58", "memberOnlyPrice": null, "mopDisplayPrice": null, "ehfTotal": null, "environmentalHandlingFee": null, "taxInfo": ""}, "pricingUnits": {"type": "SOLD_BY_EACH", "unit": "ea", "interval": 1, "minOrderQuantity": 1, "maxOrderQuantity": 24, "weighted": false}, "deal": null, "mopDeal": null, "pcoDeal": null, "inventoryIndicator": null, "offerType": "OG", "offerId": "OG", "action": null, "isVariant": false, "link": "/en/2-milk/p/20149754_EA", "productVendor": null, "productVariant": null, "textBadge": "", "variantTheme": null, "articleNumber": "20149754", "uom": "EA", "sponsoredCreative": null, "isSponsored": false, "isComplementarySponsored": false, "complementarySponsoredBadgeText": null, "productBadge": {"badgeId": "PREPARED_IN_CANADA", "badgeClass": "badge11", "text": "Prepared in Canada", "icon": {"url": "https://dis-prod.assetful.loblaw.ca/content/dam/loblaw-companies-limited/creative-assets/pc-optimum/global-list/maple-leaf-red.png", "altText": "", "placement": "LEFT"}}}}}
{"store": "Real Canadian Superstore", "site_slug": "realcanadiansuperstore", "source_url": "/search?search-bar=milk&page=1", "scrape_ts": "2025-12-22T05:05:54.925973Z", "external_id": "20017001_EA", "name": "2% Milk", "brand": "Neilson", "size_text": "2 l, $0.27/100ml", "price": 5.32, "currency": "CAD", "unit_price": 0.27, "unit_price_uom": "100ml", "image_url": "https://digital.loblaws.ca/PCX/20017001_EA/en/1/20017001_en_front_800.png", "category_path": null, "availability": "in_stock", "raw_source": {"type": "next-data", "data": {"index": 16, "promotions": [], "productId": "20017001_EA", "productImage": [{"imageUrl": "https://digital.loblaws.ca/PCX/20017001_EA/en/1/20017001_en_front_1200.png", "thumbnailUrl": "https://digital.loblaws.ca/PCX/20017001_EA/en/1/20017001_en_front_120.png", "smallUrl": "https://digital.loblaws.ca/PCX/20017001_EA/en/1/20017001_en_front_250.png", "mediumUrl": "https://digital.loblaws.ca/PCX/20017001_EA/en/1/20017001_en_front_400.png", "largeUrl": "https://digital.loblaws.ca/PCX/20017001_EA/en/1/20017001_en_front_800.png", "extraLargeUrl": "https://digital.loblaws.ca/PCX/20017001_EA/en/1/20017001_en_front_1200.png", "smallRetinaUrl": "https://digital.loblaws.ca/PCX/20017001_EA/en/1/20017001_en_front_250.png", "mediumRetinaUrl": "https://digital.loblaws.ca/PCX/20017001_EA/en/1/20017001_en_front_400.png", "largeRetinaUrl": "https://digital.loblaws.ca/PCX/20017001_EA/en/1/20017001_en_front_800.png"}], "brand": "Neilson", "title": "2% Milk", "description": "Fresh, wholesome milk… naturally from Neilson.Since 1893, Neilson has stood for high quality dairy products. Neilson has always been committed to using the best ingredients, people and processes to produce great tasting quality milk you can depend on. Always fresh, always delicious and always an excellent source of calcium, protein and vitamin D.", "packageSizing": "2 l, $0.27/100ml", "pricing": {"price": "5.32", "wasPrice": null, "displayPrice": "$5.32", "memberOnlyPrice": null, "mopDisplayPrice": null, "ehfTotal": null, "environmentalHandlingFee": null, "taxInfo": ""}, "pricingUnits": {"type": "SOLD_BY_EACH", "unit": "ea", "interval": 1, "minOrderQuantity": 1, "maxOrderQuantity": 24, "weighted": false}, "deal": null, "mopDeal": null, "pcoDeal": null, "inventoryIndicator": null, "offerType": "OG", "offerId": "OG", "action": null, "isVariant": false, "link": "/en/2-milk/p/20017001_EA", "productVendor": null, "productVariant": null, "textBadge": "", "variantTheme": null, "articleNumber": "20017001", "uom": "EA", "sponsoredCreative": null, "isSponsored": false, "isComplementarySponsored": false, "complementarySponsoredBadgeText": null, "productBadge": {"badgeId": "PREPARED_IN_CANADA", "badgeClass": "badge11", "text": "Prepared in Canada", "icon": {"url": "https://dis-prod.assetful.loblaw.ca/content/dam/loblaw-companies-limited/creative-assets/pc-optimum/global-list/maple-leaf-red.png", "altText": "", "placement": "LEFT"}}}}}
{"store": "Real Canadian Superstore", "site_slug": "realcanadiansuperstore", "source_url": "/search?search-bar=milk&page=1", "scrape_ts": "2025-12-22T05:05:54.925973Z", "external_id": "21424991_EA", "name": "PūrFiltre Milk 2% Partly Skimmed", "brand": "Lactantia", "size_text": "2 l, $0.29/100ml", "price": 5.8, "currency": "CAD", "unit_price": 0.29, "unit_price_uom": "100ml", "image_url": "https://digital.loblaws.ca/PCX/21424991_EA/en/1/21424991_enfr_front_v1_800.png", "category_path": null, "availability": "in_stock", "raw_source": {"type": "next-data", "data": {"index": 17, "promotions": [], "productId": "21424991_EA", "productImage": [{"imageUrl": "https://digital.loblaws.ca/PCX/21424991_EA/en/1/21424991_enfr_front_v1_1200.png", "thumbnailUrl": "https://digital.loblaws.ca/PCX/21424991_EA/en/1/21424991_enfr_front_v1_120.png", "smallUrl": "https://digital.loblaws.ca/PCX/21424991_EA/en/1/21424991_enfr_front_v1_250.png", "mediumUrl": "https://digital.loblaws.ca/PCX/21424991_EA/en/1/21424991_enfr_front_v1_400.png", "largeUrl": "https://digital.loblaws.ca/PCX/21424991_EA/en/1/21424991_enfr_front_v1_800.png", "extraLargeUrl": "https://digital.loblaws.ca/PCX/21424991_EA/en/1/21424991_enfr_front_v1_1200.png", "smallRetinaUrl": "https://digital.loblaws.ca/PCX/21424991_EA/en/1/21424991_enfr_front_v1_250.png", "mediumRetinaUrl": "https://digital.loblaws.ca/PCX/21424991_EA/en/1/21424991_enfr_front_v1_400.png", "largeRetinaUrl": "https://digital.loblaws.ca/PCX/21424991_EA/en/1/21424991_enfr_front_v1_800.png"}], "brand": "Lactantia", "title": "PūrFiltre Milk 2% Partly Skimmed", "description": null, "packageSizing": "2 l, $0.29/100ml", "pricing": {"price": "5.80", "wasPrice": null, "displayPrice": "$5.80", "memberOnlyPrice": null, "mopDisplayPrice": null, "ehfTotal": null, "environmentalHandlingFee": null, "taxInfo": ""}, "pricingUnits": {"type": "SOLD_BY_EACH", "unit": "ea", "interval": 1, "minOrderQuantity": 1, "maxOrderQuantity": 24, "weighted": false}, "deal": null, "mopDeal": null, "pcoDeal": null, "inventoryIndicator": null, "offerType": "OG", "offerId": "OG", "action": null, "isVariant": false, "link": "/en/p-rfiltre-milk-2-partly-skimmed/p/21424991_EA", "productVendor": null, "productVariant": null, "textBadge": "", "variantTheme": null, "articleNumber": "21424991", "uom": "EA", "sponsoredCreative": null, "isSponsored": false, "isComplementarySponsored": false, "complementarySponsoredBadgeText": null, "productBadge": {"badgeId": "PREPARED_IN_CANADA", "badgeClass": "badge11", "text": "Prepared in Canada", "icon": {"url": "https://dis-prod.assetful.loblaw.ca/content/dam/loblaw-companies-limited/creative-assets/pc-optimum/global-list/maple-leaf-red.png", "altText": "", "placement": "LEFT"}}}}}
{"store": "Real Canadian Superstore", "site_slug": "realcanadiansuperstore", "source_url": "/search?search-bar=milk&page=1", "scrape_ts": "2025-12-22T05:05:54.925973Z", "external_id": "21128369_EA", "name": "Milk 2% M.F", "brand": "Fairlife", "size_text": "1.5 l, $0.50/100ml", "price": 7.49, "currency": "CAD", "unit_price": 0.5, "unit_price_uom": "100ml", "image_url": "https://digital.loblaws.ca/PCX/21128369_EA/en/1/21128369_en_front_v3_800.png", "category_path": null, "availability": "in_stock", "raw_source": {"type": "next-data", "data": {"index": 18, "promotions": [], "productId": "21128369_EA", "productImage": [{"imageUrl": "https://digital.loblaws.ca/PCX/21128369_EA/en/1/21128369_en_front_v3_1200.png", "thumbnailUrl": "https://digital.loblaws.ca/PCX/21128369_EA/en/1/21128369_en_front_v3_120.png", "smallUrl": "https://digital.loblaws.ca/PCX/21128369_EA/en/1/21128369_en_front_v3_250.png", "mediumUrl": "https://digital.loblaws.ca/PCX/21128369_EA/en/1/21128369_en_front_v3_400.png", "largeUrl": "https://digital.loblaws.ca/PCX/21128369_EA/en/1/21128369_en_front_v3_800.png", "extraLargeUrl": "https://digital.loblaws.ca/PCX/21128369_EA/en/1/21128369_en_front_v3_1200.png", "smallRetinaUrl": "https://digital.loblaws.ca/PCX/21128369_EA/en/1/21128369_en_front_v3_250.png", "mediumRetinaUrl": "https://digital.loblaws.ca/PCX/21128369_EA/en/1/21128369_en_front_v3_400.png", "largeRetinaUrl": "https://digital.loblaws.ca/PCX/21128369_EA/en/1/21128369_en_front_v3_800.png"}], "brand": "Fairlife", "title": "Milk 2% M.F", "description": "<p>We are driven by a simple belief: we can always make the world better. Proper nourishment allows us all to grow and thrive. All our milk flows through soft filters to concentrate protein while filtering out half of the natural sugars. Our delicious fairlife ultra-filtered milk has 50% less sugar and 50% more protein than regular chocolate milk. Plus, there are no artificial growth hormones used and it's lactose-free. So sip, drink, and chug as you enjoy our delicious ultra-filtered milk, eh?</p><ul><li>Made with 100% quality Canadian milk</li><li>50% less sugar and 50% more protein than regular chocolate milk</li><li>Delicious, satisfying, and lactose-free</li><li>No artificial growth hormones used</li></ul>", "packageSizing": "1.5 l, $0.50/100ml", "pricing": {"price": "7.49", "wasPrice": null, "displayPrice": "$7.49", "memberOnlyPrice": null, "mopDisplayPrice": null, "ehfTotal": null, "environmentalHandlingFee": null, "taxInfo": ""}, "pricingUnits": {"type": "SOLD_BY_EACH", "unit": "ea", "interval": 1, "minOrderQuantity": 1, "maxOrderQuantity": 24, "weighted": false}, "deal": null, "mopDeal": null, "pcoDeal": null, "inventoryIndicator": null, "offerType": "OG", "offerId": "OG", "action": null, "isVariant": false, "link": "/en/milk-2-m-f/p/21128369_EA", "productVendor": null, "productVariant": null, "textBadge": "", "variantTheme": null, "articleNumber": "21128369", "uom": "EA", "sponsoredCreative": null, "isSponsored": false, "isComplementarySponsored": false, "complementarySponsoredBadgeText": null, "productBadge": {"badgeId": "PREPARED_IN_CANADA", "badgeClass": "badge11", "text": "Prepared in Canada", "icon": {"url": "https://dis-prod.assetful.loblaw.ca/content/dam/loblaw-companies-limited/creative-assets/pc-optimum/global-list/maple-leaf-red.png", "altText": "", "placement": "LEFT"}}}}}
{"store": "Real Canadian Superstore", "site_slug": "realcanadiansuperstore", "source_url": "/search?search-bar=milk&page=1", "scrape_ts": "2025-12-22T05:05:54.925973Z", "external_id": "20077874001_EA", "name": "Lactose Free 2% Dairy Product", "brand": "Natrel", "size_text": "2 l, $0.34/100ml", "price": 6.74, "currency": "CAD", "unit_price": 0.34, "unit_price_uom": "100ml", "image_url": "https://digital.loblaws.ca/PCX/20077874001_EA/en/1/20077874001_en_front_800.png", "category_path": null, "availability": "in_stock", "raw_source": {"type": "next-data", "data": {"index": 19, "promotions": [], "productId": "20077874001_EA", "productImage": [{"imageUrl": "https://digital.loblaws.ca/PCX/20077874001_EA/en/1/20077874001_en_front_1200.png", "thumbnailUrl": "https://digital.loblaws.ca/PCX/20077874001_EA/en/1/20077874001_en_front_120.png", "smallUrl": "https://digital.loblaws.ca/PCX/20077874001_EA/en/1/20077874001_en_front_250.png", "mediumUrl": "https://digital.loblaws.ca/PCX/20077874001_EA/en/1/20077874001_en_front_400.png", "largeUrl": "https://digital.loblaws.ca/PCX/20077874001_EA/en/1/20077874001_en_front_800.png", "extraLargeUrl": "https://digital.loblaws.ca/PCX/20077874001_EA/en/1/20077874001_en_front_1200.png", "smallRetinaUrl": "https://digital.loblaws.ca/PCX/20077874001_EA/en/1/20077874001_en_front_250.png", "mediumRetinaUrl": "https://digital.loblaws.ca/PCX/20077874001_EA/en/1/20077874001_en_front_400.png", "largeRetinaUrl": "https://digital.loblaws.ca/PCX/20077874001_EA/en/1/20077874001_en_front_800.png"}], "brand": "Natrel", "title": "Lactose Free 2% Dairy Product", "description": "Through our unique process, we can preserve the deliciously pure taste of fresh milk in every glass of our products, while removing the lactose that can cause you discomfort. So you can once again benefit from an excellent source of calcium, vitamin D and protein, plus a source of vitamin A. That’s everything you need to maintain a well-balanced diet.", "packageSizing": "2 l, $0.34/100ml", "pricing": {"price": "6.74", "wasPrice": null, "displayPrice": "$6.74", "memberOnlyPrice": null, "mopDisplayPrice": null, "ehfTotal": null, "environmentalHandlingFee": null, "taxInfo": ""}, "pricingUnits": {"type": "SOLD_BY_EACH", "unit": "ea", "interval": 1, "minOrderQuantity": 1, "maxOrderQuantity": 24, "weighted": false}, "deal": null, "mopDeal": null, "pcoDeal": null, "inventoryIndicator": null, "offerType": "OG", "offerId": "OG", "action": null, "isVariant": false, "link": "/en/lactose-free-2-dairy-product/p/20077874001_EA", "productVendor": null, "productVariant": null, "textBadge": "", "variantTheme": null, "articleNumber": "20077874001", "uom": "EA", "sponsoredCreative": null, "isSponsored": false, "isComplementarySponsored": false, "complementarySponsoredBadgeText": null, "productBadge": {"badgeId": "PREPARED_IN_CANADA", "badgeClass": "badge11", "text": "Prepared in Canada", "icon": {"url": "https://dis-prod.assetful.loblaw.ca/content/dam/loblaw-companies-limited/creative-assets/pc-optimum/global-list/maple-leaf-red.png", "altText": "", "placement": "LEFT"}}}}}
{"store": "Real Canadian Superstore", "site_slug": "realcanadiansuperstore", "source_url": "/search?search-bar=milk&page=1", "scrape_ts": "2025-12-22T05:05:54.925973Z", "external_id": "20185616_EA", "name": "1% Milk", "brand": "Neilson", "size_text": "1 l, $0.36/100ml", "price": 3.58, "currency": "CAD", "unit_price": 0.36, "unit_price_uom": "100ml", "image_url": "https://digital.loblaws.ca/PCX/20185616_EA/en/1/20185616_en_front_v1_800.png", "category_path": null, "availability": "in_stock", "raw_source": {"type": "next-data", "data": {"index": 20, "promotions": [], "productId": "20185616_EA", "productImage": [{"imageUrl": "https://digital.loblaws.ca/PCX/20185616_EA/en/1/20185616_en_front_v1_1200.png", "thumbnailUrl": "https://digital.loblaws.ca/PCX/20185616_EA/en/1/20185616_en_front_v1_120.png", "smallUrl": "https://digital.loblaws.ca/PCX/20185616_EA/en/1/20185616_en_front_v1_250.png", "mediumUrl": "https://digital.loblaws.ca/PCX/20185616_EA/en/1/20185616_en_front_v1_400.png", "largeUrl": "https://digital.loblaws.ca/PCX/20185616_EA/en/1/20185616_en_front_v1_800.png", "extraLargeUrl": "https://digital.loblaws.ca/PCX/20185616_EA/en/1/20185616_en_front_v1_1200.png", "smallRetinaUrl": "https://digital.loblaws.ca/PCX/20185616_EA/en/1/20185616_en_front_v1_250.png", "mediumRetinaUrl": "https://digital.loblaws.ca/PCX/20185616_EA/en/1/20185616_en_front_v1_400.png", "largeRetinaUrl": "https://digital.loblaws.ca/PCX/20185616_EA/en/1/20185616_en_front_v1_800.png"}], "brand": "Neilson", "title": "1% Milk", "description": "Fresh, wholesome milk… naturally from Neilson.Since 1893, Neilson has stood for high quality dairy products. Neilson has always been committed to using the best ingredients, people and processes to produce great tasting quality milk you can depend on. Always fresh, always delicious and always an excellent source of calcium, protein and vitamin D.", "packageSizing": "1 l, $0.36/100ml", "pricing": {"price": "3.58", "wasPrice": null, "displayPrice": "$3.58", "memberOnlyPrice": null, "mopDisplayPrice": null, "ehfTotal": null, "environmentalHandlingFee": null, "taxInfo": ""}, "pricingUnits": {"type": "SOLD_BY_EACH", "unit": "ea", "interval": 1, "minOrderQuantity": 1, "maxOrderQuantity": 24, "weighted": false}, "deal": null, "mopDeal": null, "pcoDeal": null, "inventoryIndicator": null, "offerType": "OG", "offerId": "OG", "action": null, "isVariant": false, "link": "/en/1-milk/p/20185616_EA", "productVendor": null, "productVariant": null, "textBadge": "", "variantTheme": null, "articleNumber": "20185616", "uom": "EA", "sponsoredCreative": null, "isSponsored": false, "isComplementarySponsored": false, "complementarySponsoredBadgeText": null, "productBadge": {"badgeId": "PREPARED_IN_CANADA", "badgeClass": "badge11", "text": "Prepared in Canada", "icon": {"url": "https://dis-prod.assetful.loblaw.ca/content/dam/loblaw-companies-limited/creative-assets/pc-optimum/global-list/maple-leaf-red.png", "altText": "", "placement": "LEFT"}}}}}
{"store": "Real Canadian Superstore", "site_slug": "realcanadiansuperstore", "source_url": "/search?search-bar=milk&page=1", "scrape_ts": "2025-12-22T05:05:54.925973Z", "external_id": "20091686_EA", "name": "3.25% Microfiltered Milk", "brand": "Neilson", "size_text": "4 l, $0.19/100ml", "price": 7.68, "currency": "CAD", "unit_price": 0.19, "unit_price_uom": "100ml", "image_url": "https://digital.loblaws.ca/PCX/20091686_EA/en/1/20091686_en_front_800.png", "category_path": null, "availability": "in_stock", "raw_source": {"type": "next-data", "data": {"index": 21, "promotions": [], "productId": "20091686_EA", "productImage": [{"imageUrl": "https://digital.loblaws.ca/PCX/20091686_EA/en/1/20091686_en_front_1200.png", "thumbnailUrl": "https://digital.loblaws.ca/PCX/20091686_EA/en/1/20091686_en_front_120.png", "smallUrl": "https://digital.loblaws.ca/PCX/20091686_EA/en/1/20091686_en_front_250.png", "mediumUrl": "https://digital.loblaws.ca/PCX/20091686_EA/en/1/20091686_en_front_400.png", "largeUrl": "https://digital.loblaws.ca/PCX/20091686_EA/en/1/20091686_en_front_800.png", "extraLargeUrl": "https://digital.loblaws.ca/PCX/20091686_EA/en/1/20091686_en_front_1200.png", "smallRetinaUrl": "https://digital.loblaws.ca/PCX/20091686_EA/en/1/20091686_en_front_250.png", "mediumRetinaUrl": "https://digital.loblaws.ca/PCX/20091686_EA/en/1/20091686_en_front_400.png", "largeRetinaUrl": "https://digital.loblaws.ca/PCX/20091686_EA/en/1/20091686_en_front_800.png"}], "brand": "Neilson", "title": "3.25% Microfiltered Milk", "description": "Fresh, wholesome milk… naturally from Neilson.Since 1893, Neilson has stood for high quality dairy products. Neilson has always been committed to using the best ingredients, people and processes to produce great tasting quality milk you can depend on. Always fresh, always delicious and always an excellent source of calcium, protein and vitamin D.", "packageSizing": "4 l, $0.19/100ml", "pricing": {"price": "7.68", "wasPrice": null, "displayPrice": "$7.68", "memberOnlyPrice": null, "mopDisplayPrice": null, "ehfTotal": null, "environmentalHandlingFee": null, "taxInfo": ""}, "pricingUnits": {"type": "SOLD_BY_EACH", "unit": "ea", "interval": 1, "minOrderQuantity": 1, "maxOrderQuantity": 24, "weighted": false}, "deal": null, "mopDeal": null, "pcoDeal": null, "inventoryIndicator": null, "offerType": "OG", "offerId": "OG", "action": null, "isVariant": false, "link": "/en/3-25-microfiltered-milk/p/20091686_EA", "productVendor": null, "productVariant": null, "textBadge": "", "variantTheme": null, "articleNumber": "20091686", "uom": "EA", "sponsoredCreative": null, "isSponsored": false, "isComplementarySponsored": false, "complementarySponsoredBadgeText": null, "productBadge": {"badgeId": "PREPARED_IN_CANADA", "badgeClass": "badge11", "text": "Prepared in Canada", "icon": {"url": "https://dis-prod.assetful.loblaw.ca/content/dam/loblaw-companies-limited/creative-assets/pc-optimum/global-list/maple-leaf-red.png", "altText": "", "placement": "LEFT"}}}}}
{"store": "Real Canadian Superstore", "site_slug": "realcanadiansuperstore", "source_url": "/search?search-bar=milk&page=1", "scrape_ts": "2025-12-22T05:05:54.925973Z", "external_id": "21694605_EA", "name": "Ultrapur Protein Ultra-Filtered Milk 2%", "brand": "Lactantia", "size_text": "1.5 l, $0.43/100ml", "price": 6.49, "currency": "CAD", "unit_price": 0.43, "unit_price_uom": "100ml", "image_url": "https://digital.loblaws.ca/PCX/21694605_EA/en/1/21694605_en_front_v1_800.png", "category_path": null, "availability": "in_stock", "raw_source": {"type": "next-data", "data": {"index": 22, "promotions": [], "productId": "21694605_EA", "productImage": [{"imageUrl": "https://digital.loblaws.ca/PCX/21694605_EA/en/1/21694605_en_front_v1_1200.png", "thumbnailUrl": "https://digital.loblaws.ca/PCX/21694605_EA/en/1/21694605_en_front_v1_120.png", "smallUrl": "https://digital.loblaws.ca/PCX/21694605_EA/en/1/21694605_en_front_v1_250.png", "mediumUrl": "https://digital.loblaws.ca/PCX/21694605_EA/en/1/21694605_en_front_v1_400.png", "largeUrl": "https://digital.loblaws.ca/PCX/21694605_EA/en/1/21694605_en_front_v1_800.png", "extraLargeUrl": "https://digital.loblaws.ca/PCX/21694605_EA/en/1/21694605_en_front_v1_1200.png", "smallRetinaUrl": "https://digital.loblaws.ca/PCX/21694605_EA/en/1/21694605_en_front_v1_250.png", "mediumRetinaUrl": "https://digital.loblaws.ca/PCX/21694605_EA/en/1/21694605_en_front_v1_400.png", "largeRetinaUrl": "https://digital.loblaws.ca/PCX/21694605_EA/en/1/21694605_en_front_v1_800.png"}], "brand": "Lactantia", "title": "Ultrapur Protein Ultra-Filtered Milk 2%", "description": "<p>Get more of what you want with Lactantia UltraPur Ultrafiltered Milk. Unlike regular milk, this partly skimmed high protein milk is also ideal for those who require lactose free milk. Sourced from Canadian dairies, every drop of this 2% high-protein milk is carefully filtered to provide a smooth, pure taste that stays fresh longer without preservatives. Source of 10 essential nutrients and no sugar added, this milk is a nutritious and delicious choice for the whole family. A delightful, refreshing choice on its own, with cereal, or in blended coffee drinks. Rediscover the power of farm-fresh flavour with ultrafiltered milk. Lactantia, for Milk Connoisseurs!</p><ul><li>Made with ultrafiltered milk that stays fresh longer without preservatives</li><li>100% Canadian milk from Canadian dairies</li><li>20g of protein per serving</li><li>Lactose free</li><li>2% M.F.</li><li>Source of 10 essential nutrients</li><li>No added sugar</li><li>1.5 L</li></ul>", "packageSizing": "1.5 l, $0.43/100ml", "pricing": {"price": "6.49", "wasPrice": null, "displayPrice": "$6.49", "memberOnlyPrice": null, "mopDisplayPrice": null, "ehfTotal": null, "environmentalHandlingFee": null, "taxInfo": ""}, "pricingUnits": {"type": "SOLD_BY_EACH", "unit": "ea", "interval": 1, "minOrderQuantity": 1, "maxOrderQuantity": 25, "weighted": false}, "deal": null, "mopDeal": null, "pcoDeal": null, "inventoryIndicator": {"indicatorId": "LOW", "text": "Low Stock"}, "offerType": "OG", "offerId": "OG", "action": null, "isVariant": false, "link": "/en/ultrapur-protein-ultra-filtered-milk-2/p/21694605_EA", "productVendor": null, "productVariant": null, "textBadge": "low-inventory", "variantTheme": null, "articleNumber": "21694605", "uom": "EA", "sponsoredCreative": null, "isSponsored": false, "isComplementarySponsored": false, "complementarySponsoredBadgeText": null, "productBadge": null}}}
{"store": "Real Canadian Superstore", "site_slug": "realcanadiansuperstore", "source_url": "/search?search-bar=milk&page=1", "scrape_ts": "2025-12-22T05:05:54.925973Z", "external_id": "20126276_EA", "name": "1% Microfiltered Milk", "brand": "Neilson", "size_text": "2 l, $0.28/100ml", "price": 5.69, "currency": "CAD", "unit_price": 0.28, "unit_price_uom": "100ml", "image_url": "https://digital.loblaws.ca/PCX/20126276_EA/en/1/20126276_en_front_v1_800.png", "category_path": null, "availability": "in_stock", "raw_source": {"type": "next-data", "data": {"index": 23, "promotions": [], "productId": "20126276_EA", "productImage": [{"imageUrl": "https://digital.loblaws.ca/PCX/20126276_EA/en/1/20126276_en_front_v1_1200.png", "thumbnailUrl": "https://digital.loblaws.ca/PCX/20126276_EA/en/1/20126276_en_front_v1_120.png", "smallUrl": "https://digital.loblaws.ca/PCX/20126276_EA/en/1/20126276_en_front_v1_250.png", "mediumUrl": "https://digital.loblaws.ca/PCX/20126276_EA/en/1/20126276_en_front_v1_400.png", "largeUrl": "https://digital.loblaws.ca/PCX/20126276_EA/en/1/20126276_en_front_v1_800.png", "extraLargeUrl": "https://digital.loblaws.ca/PCX/20126276_EA/en/1/20126276_en_front_v1_1200.png", "smallRetinaUrl": "https://digital.loblaws.ca/PCX/20126276_EA/en/1/20126276_en_front_v1_250.png", "mediumRetinaUrl": "https://digital.loblaws.ca/PCX/20126276_EA/en/1/20126276_en_front_v1_400.png", "largeRetinaUrl": "https://digital.loblaws.ca/PCX/20126276_EA/en/1/20126276_en_front_v1_800.png"}], "brand": "Neilson", "title": "1% Microfiltered Milk", "description": "Fresh, wholesome milk… naturally from Neilson.Since 1893, Neilson has stood for high quality dairy products. Neilson has always been committed to using the best ingredients, people and processes to produce great tasting quality milk you can depend on. Always fresh, always delicious and always an excellent source of calcium, protein and vitamin D.", "packageSizing": "2 l, $0.28/100ml", "pricing": {"price": "5.69", "wasPrice": null, "displayPrice": "$5.69", "memberOnlyPrice": null, "mopDisplayPrice": null, "ehfTotal": null, "environmentalHandlingFee": null, "taxInfo": ""}, "pricingUnits": {"type": "SOLD_BY_EACH", "unit": "ea", "interval": 1, "minOrderQuantity": 1, "maxOrderQuantity": 24, "weighted": false}, "deal": null, "mopDeal": null, "pcoDeal": null, "inventoryIndicator": null, "offerType": "OG", "offerId": "OG", "action": null, "isVariant": false, "link": "/en/1-microfiltered-milk/p/20126276_EA", "productVendor": null, "productVariant": null, "textBadge": "", "variantTheme": null, "articleNumber": "20126276", "uom": "EA", "sponsoredCreative": null, "isSponsored": false, "isComplementarySponsored": false, "complementarySponsoredBadgeText": null, "productBadge": {"badgeId": "PREPARED_IN_CANADA", "badgeClass": "badge11", "text": "Prepared in Canada", "icon": {"url": "https://dis-prod.assetful.loblaw.ca/content/dam/loblaw-companies-limited/creative-assets/pc-optimum/global-list/maple-leaf-red.png", "altText": "", "placement": "LEFT"}}}}}
{"store": "Real Canadian Superstore", "site_slug": "realcanadiansuperstore", "source_url": "/search?search-bar=milk&page=1", "scrape_ts": "2025-12-22T05:05:54.925973Z", "external_id": "20076709_EA", "name": "1% Milk", "brand": "Neilson", "size_text": "2 l, $0.27/100ml", "price": 5.32, "currency": "CAD", "unit_price": 0.27, "unit_price_uom": "100ml", "image_url": "https://digital.loblaws.ca/PCX/20076709_EA/en/1/20076709_en_front_800.png", "category_path": null, "availability": "in_stock", "raw_source": {"type": "next-data", "data": {"index": 24, "promotions": [], "productId": "20076709_EA", "productImage": [{"imageUrl": "https://digital.loblaws.ca/PCX/20076709_EA/en/1/20076709_en_front_1200.png", "thumbnailUrl": "https://digital.loblaws.ca/PCX/20076709_EA/en/1/20076709_en_front_120.png", "smallUrl": "https://digital.loblaws.ca/PCX/20076709_EA/en/1/20076709_en_front_250.png", "mediumUrl": "https://digital.loblaws.ca/PCX/20076709_EA/en/1/20076709_en_front_400.png", "largeUrl": "https://digital.loblaws.ca/PCX/20076709_EA/en/1/20076709_en_front_800.png", "extraLargeUrl": "https://digital.loblaws.ca/PCX/20076709_EA/en/1/20076709_en_front_1200.png", "smallRetinaUrl": "https://digital.loblaws.ca/PCX/20076709_EA/en/1/20076709_en_front_250.png", "mediumRetinaUrl": "https://digital.loblaws.ca/PCX/20076709_EA/en/1/20076709_en_front_400.png", "largeRetinaUrl": "https://digital.loblaws.ca/PCX/20076709_EA/en/1/20076709_en_front_800.png"}], "brand": "Neilson", "title": "1% Milk", "description": "Fresh, wholesome milk… naturally from Neilson.Since 1893, Neilson has stood for high quality dairy products. Neilson has always been committed to using the best ingredients, people and processes to produce great tasting quality milk you can depend on. Always fresh, always delicious and always an excellent source of calcium, protein and vitamin D.", "packageSizing": "2 l, $0.27/100ml", "pricing": {"price": "5.32", "wasPrice": null, "displayPrice": "$5.32", "memberOnlyPrice": null, "mopDisplayPrice": null, "ehfTotal": null, "environmentalHandlingFee": null, "taxInfo": ""}, "pricingUnits": {"type": "SOLD_BY_EACH", "unit": "ea", "interval": 1, "minOrderQuantity": 1, "maxOrderQuantity": 24, "weighted": false}, "deal": null, "mopDeal": null, "pcoDeal": null, "inventoryIndicator": null, "offerType": "OG", "offerId": "OG", "action": null, "isVariant": false, "link": "/en/1-milk/p/20076709_EA", "productVendor": null, "productVariant": null, "textBadge": "", "variantTheme": null, "articleNumber": "20076709", "uom": "EA", "sponsoredCreative": null, "isSponsored": false, "isComplementarySponsored": false, "complementarySponsoredBadgeText": null, "productBadge": {"badgeId": "PREPARED_IN_CANADA", "badgeClass": "badge11", "text": "Prepared in Canada", "icon": {"url": "https://dis-prod.assetful.loblaw.ca/content/dam/loblaw-companies-limited/creative-assets/pc-optimum/global-list/maple-leaf-red.png", "altText": "", "placement": "LEFT"}}}}}
{"store": "Real Canadian Superstore", "site_slug": "realcanadiansuperstore", "source_url": "/search?search-bar=milk&page=1", "scrape_ts": "2025-12-22T05:05:54.925973Z", "external_id": "20125636_EA", "name": "3.25% Homogenized Milk", "brand": "Neilson", "size_text": "2 l, $0.28/100ml", "price": 5.55, "currency": "CAD", "unit_price": 0.28, "unit_price_uom": "100ml", "image_url": "https://digital.loblaws.ca/PCX/20125636_EA/en/1/20125636_en_front_800.png", "category_path": null, "availability": "in_stock", "raw_source": {"type": "next-data", "data": {"index": 25, "promotions": [], "productId": "20125636_EA", "productImage": [{"imageUrl": "https://digital.loblaws.ca/PCX/20125636_EA/en/1/20125636_en_front_1200.png", "thumbnailUrl": "https://digital.loblaws.ca/PCX/20125636_EA/en/1/20125636_en_front_120.png", "smallUrl": "https://digital.loblaws.ca/PCX/20125636_EA/en/1/20125636_en_front_250.png", "mediumUrl": "https://digital.loblaws.ca/PCX/20125636_EA/en/1/20125636_en_front_400.png", "largeUrl": "https://digital.loblaws.ca/PCX/20125636_EA/en/1/20125636_en_front_800.png", "extraLargeUrl": "https://digital.loblaws.ca/PCX/20125636_EA/en/1/20125636_en_front_1200.png", "smallRetinaUrl": "https://digital.loblaws.ca/PCX/20125636_EA/en/1/20125636_en_front_250.png", "mediumRetinaUrl": "https://digital.loblaws.ca/PCX/20125636_EA/en/1/20125636_en_front_400.png", "largeRetinaUrl": "https://digital.loblaws.ca/PCX/20125636_EA/en/1/20125636_en_front_800.png"}], "brand": "Neilson", "title": "3.25% Homogenized Milk", "description": "Fresh, wholesome milk… naturally from Neilson.Since 1893, Neilson has stood for high quality dairy products. Neilson has always been committed to using the best ingredients, people and processes to produce great tasting quality milk you can depend on. Always fresh, always delicious and always an excellent source of calcium, protein and vitamin D.", "packageSizing": "2 l, $0.28/100ml", "pricing": {"price": "5.55", "wasPrice": null, "displayPrice": "$5.55", "memberOnlyPrice": null, "mopDisplayPrice": null, "ehfTotal": null, "environmentalHandlingFee": null, "taxInfo": ""}, "pricingUnits": {"type": "SOLD_BY_EACH", "unit": "ea", "interval": 1, "minOrderQuantity": 1, "maxOrderQuantity": 24, "weighted": false}, "deal": null, "mopDeal": null, "pcoDeal": null, "inventoryIndicator": null, "offerType": "OG", "offerId": "OG", "action": null, "isVariant": false, "link": "/en/3-25-homogenized-milk/p/20125636_EA", "productVendor": null, "productVariant": null, "textBadge": "", "variantTheme": null, "articleNumber": "20125636", "uom": "EA", "sponsoredCreative": null, "isSponsored": false, "isComplementarySponsored": false, "complementarySponsoredBadgeText": null, "productBadge": {"badgeId": "PREPARED_IN_CANADA", "badgeClass": "badge11", "text": "Prepared in Canada", "icon": {"url": "https://dis-prod.assetful.loblaw.ca/content/dam/loblaw-companies-limited/creative-assets/pc-optimum/global-list/maple-leaf-red.png", "altText": "", "placement": "LEFT"}}}}}
{"store": "Real Canadian Superstore", "site_slug": "realcanadiansuperstore", "source_url": "/search?search-bar=milk&page=1", "scrape_ts": "2025-12-22T05:05:54.925973Z", "external_id": "21537885_EA", "name": "2% Partly Skimmed Milk", "brand": "Milk 2 Go", "size_text": "6x200.0 ml, $0.54/100ml", "price": 6.49, "currency": "CAD", "unit_price": 0.54, "unit_price_uom": "100ml", "image_url": "https://digital.loblaws.ca/PCX/21537885_EA/en/1/21537885_en_front_800.png", "category_path": null, "availability": "in_stock", "raw_source": {"type": "next-data", "data": {"index": 26, "promotions": [], "productId": "21537885_EA", "productImage": [{"imageUrl": "https://digital.loblaws.ca/PCX/21537885_EA/en/1/21537885_en_front_1200.png", "thumbnailUrl": "https://digital.loblaws.ca/PCX/21537885_EA/en/1/21537885_en_front_120.png", "smallUrl": "https://digital.loblaws.ca/PCX/21537885_EA/en/1/21537885_en_front_250.png", "mediumUrl": "https://digital.loblaws.ca/PCX/21537885_EA/en/1/21537885_en_front_400.png", "largeUrl": "https://digital.loblaws.ca/PCX/21537885_EA/en/1/21537885_en_front_800.png", "extraLargeUrl": "https://digital.loblaws.ca/PCX/21537885_EA/en/1/21537885_en_front_1200.png", "smallRetinaUrl": "https://digital.loblaws.ca/PCX/21537885_EA/en/1/21537885_en_front_250.png", "mediumRetinaUrl": "https://digital.loblaws.ca/PCX/21537885_EA/en/1/21537885_en_front_400.png", "largeRetinaUrl": "https://digital.loblaws.ca/PCX/21537885_EA/en/1/21537885_en_front_800.png"}], "brand": "Milk 2 Go", "title": "2% Partly Skimmed Milk", "description": "It’s best buds with cookies, cake and pretty much all desserts. And it fits into the cup holder of your car. So much to love. Milk2Go is the right balance of fun and convenience. This playful brand offers a variety of flavours of bottled fresh milk to take on the go. We are committed to providing nutritious, delicious, Canadian-produced milk with no preservatives.  Milk2Go, the perfect on the go snack for everyone.", "packageSizing": "6x200.0 ml, $0.54/100ml", "pricing": {"price": "6.49", "wasPrice": null, "displayPrice": "$6.49", "memberOnlyPrice": null, "mopDisplayPrice": null, "ehfTotal": null, "environmentalHandlingFee": null, "taxInfo": ""}, "pricingUnits": {"type": "SOLD_BY_EACH", "unit": "ea", "interval": 1, "minOrderQuantity": 1, "maxOrderQuantity": 24, "weighted": false}, "deal": null, "mopDeal": null, "pcoDeal": null, "inventoryIndicator": null, "offerType": "OG", "offerId": "OG", "action": null, "isVariant": false, "link": "/en/2-partly-skimmed-milk/p/21537885_EA", "productVendor": null, "productVariant": null, "textBadge": "", "variantTheme": null, "articleNumber": "21537885", "uom": "EA", "sponsoredCreative": null, "isSponsored": false, "isComplementarySponsored": false, "complementarySponsoredBadgeText": null, "productBadge": {"badgeId": "PREPARED_IN_CANADA", "badgeClass": "badge11", "text": "Prepared in Canada", "icon": {"url": "https://dis-prod.assetful.loblaw.ca/content/dam/loblaw-companies-limited/creative-assets/pc-optimum/global-list/maple-leaf-red.png", "altText": "", "placement": "LEFT"}}}}}
{"store": "Real Canadian Superstore", "site_slug": "realcanadiansuperstore", "source_url": "/search?search-bar=milk&page=1", "scrape_ts": "2025-12-22T05:05:54.925973Z", "external_id": "20077874003_EA", "name": "Lactose Free 1% Dairy Product", "brand": "Natrel", "size_text": "2 l, $0.34/100ml", "price": 6.74, "currency": "CAD", "unit_price": 0.34, "unit_price_uom": "100ml", "image_url": "https://digital.loblaws.ca/PCX/20077874003_EA/en/1/20077874003_en_front_800.png", "category_path": null, "availability": "in_stock", "raw_source": {"type": "next-data", "data": {"index": 27, "promotions": [], "productId": "20077874003_EA", "productImage": [{"imageUrl": "https://digital.loblaws.ca/PCX/20077874003_EA/en/1/20077874003_en_front_1200.png", "thumbnailUrl": "https://digital.loblaws.ca/PCX/20077874003_EA/en/1/20077874003_en_front_120.png", "smallUrl": "https://digital.loblaws.ca/PCX/20077874003_EA/en/1/20077874003_en_front_250.png", "mediumUrl": "https://digital.loblaws.ca/PCX/20077874003_EA/en/1/20077874003_en_front_400.png", "largeUrl": "https://digital.loblaws.ca/PCX/20077874003_EA/en/1/20077874003_en_front_800.png", "extraLargeUrl": "https://digital.loblaws.ca/PCX/20077874003_EA/en/1/20077874003_en_front_1200.png", "smallRetinaUrl": "https://digital.loblaws.ca/PCX/20077874003_EA/en/1/20077874003_en_front_250.png", "mediumRetinaUrl": "https://digital.loblaws.ca/PCX/20077874003_EA/en/1/20077874003_en_front_400.png", "largeRetinaUrl": "https://digital.loblaws.ca/PCX/20077874003_EA/en/1/20077874003_en_front_800.png"}], "brand": "Natrel", "title": "Lactose Free 1% Dairy Product", "description": "Through our unique process, we can preserve the deliciously pure taste of fresh milk in every glass of our products, while removing the lactose that can cause you discomfort. So you can once again benefit from an excellent source of calcium, vitamin D and protein, plus a source of vitamin A. That’s everything you need to maintain a well-balanced diet.", "packageSizing": "2 l, $0.34/100ml", "pricing": {"price": "6.74", "wasPrice": null, "displayPrice": "$6.74", "memberOnlyPrice": null, "mopDisplayPrice": null, "ehfTotal": null, "environmentalHandlingFee": null, "taxInfo": ""}, "pricingUnits": {"type": "SOLD_BY_EACH", "unit": "ea", "interval": 1, "minOrderQuantity": 1, "maxOrderQuantity": 24, "weighted": false}, "deal": null, "mopDeal": null, "pcoDeal": null, "inventoryIndicator": null, "offerType": "OG", "offerId": "OG", "action": null, "isVariant": false, "link": "/en/lactose-free-1-dairy-product/p/20077874003_EA", "productVendor": null, "productVariant": null, "textBadge": "", "variantTheme": null, "articleNumber": "20077874003", "uom": "EA", "sponsoredCreative": null, "isSponsored": false, "isComplementarySponsored": false, "complementarySponsoredBadgeText": null, "productBadge": {"badgeId": "PREPARED_IN_CANADA", "badgeClass": "badge11", "text": "Prepared in Canada", "icon": {"url": "https://dis-prod.assetful.loblaw.ca/content/dam/loblaw-companies-limited/creative-assets/pc-optimum/global-list/maple-leaf-red.png", "altText": "", "placement": "LEFT"}}}}}
{"store": "Real Canadian Superstore", "site_slug": "realcanadiansuperstore", "source_url": "/search?search-bar=milk&page=1", "scrape_ts": "2025-12-22T05:05:54.925973Z", "external_id": "20181392_EA", "name": "2% Microfiltered Milk", "brand": "Neilson", "size_text": "1 l, $0.37/100ml", "price": 3.68, "currency": "CAD", "unit_price": 0.37, "unit_price_uom": "100ml", "image_url": "https://digital.loblaws.ca/PCX/20181392_EA/en/1/20181392_en_front_v2_800.png", "category_path": null, "availability": "out_of_stock", "raw_source": {"type": "next-data", "data": {"index": 28, "promotions": [], "productId": "20181392_EA", "productImage": [{"imageUrl": "https://digital.loblaws.ca/PCX/20181392_EA/en/1/20181392_en_front_v2_1200.png", "thumbnailUrl": "https://digital.loblaws.ca/PCX/20181392_EA/en/1/20181392_en_front_v2_120.png", "smallUrl": "https://digital.loblaws.ca/PCX/20181392_EA/en/1/20181392_en_front_v2_250.png", "mediumUrl": "https://digital.loblaws.ca/PCX/20181392_EA/en/1/20181392_en_front_v2_400.png", "largeUrl": "https://digital.loblaws.ca/PCX/20181392_EA/en/1/20181392_en_front_v2_800.png", "extraLargeUrl": "https://digital.loblaws.ca/PCX/20181392_EA/en/1/20181392_en_front_v2_1200.png", "smallRetinaUrl": "https://digital.loblaws.ca/PCX/20181392_EA/en/1/20181392_en_front_v2_250.png", "mediumRetinaUrl": "https://digital.loblaws.ca/PCX/20181392_EA/en/1/20181392_en_front_v2_400.png", "largeRetinaUrl": "https://digital.loblaws.ca/PCX/20181392_EA/en/1/20181392_en_front_v2_800.png"}], "brand": "Neilson", "title": "2% Microfiltered Milk", "description": "Fresh, wholesome milk… naturally from Neilson.Since 1893, Neilson has stood for high quality dairy products. Neilson has always been committed to using the best ingredients, people and processes to produce great tasting quality milk you can depend on. Always fresh, always delicious and always an excellent source of calcium, protein and vitamin D.", "packageSizing": "1 l, $0.37/100ml", "pricing": {"price": "3.68", "wasPrice": null, "displayPrice": "$3.68", "memberOnlyPrice": null, "mopDisplayPrice": null, "ehfTotal": null, "environmentalHandlingFee": null, "taxInfo": ""}, "pricingUnits": {"type": "SOLD_BY_EACH", "unit": "ea", "interval": 1, "minOrderQuantity": 1, "maxOrderQuantity": 24, "weighted": false}, "deal": null, "mopDeal": null, "pcoDeal": null, "inventoryIndicator": {"indicatorId": "OUT", "text": "Out of Stock"}, "offerType": "OG", "offerId": "OG", "action": null, "isVariant": false, "link": "/en/2-microfiltered-milk/p/20181392_EA", "productVendor": null, "productVariant": null, "textBadge": "out-of-stock", "variantTheme": null, "articleNumber": "20181392", "uom": "EA", "sponsoredCreative": null, "isSponsored": false, "isComplementarySponsored": false, "complementarySponsoredBadgeText": null, "productBadge": {"badgeId": "PREPARED_IN_CANADA", "badgeClass": "badge11", "text": "Prepared in Canada", "icon": {"url": "https://dis-prod.assetful.loblaw.ca/content/dam/loblaw-companies-limited/creative-assets/pc-optimum/global-list/maple-leaf-red.png", "altText": "", "placement": "LEFT"}}}}}
{"store": "Real Canadian Superstore", "site_slug": "realcanadiansuperstore", "source_url": "/search?search-bar=milk&page=1", "scrape_ts": "2025-12-22T05:05:54.925973Z", "external_id": "21128348_EA", "name": "Whole Milk", "brand": "Fairlife", "size_text": "1.5 l, $0.50/100ml", "price": 7.49, "currency": "CAD", "unit_price": 0.5, "unit_price_uom": "100ml", "image_url": "https://digital.loblaws.ca/PCX/21128348_EA/en/1/21128348_en_front_v3_800.png", "category_path": null, "availability": "in_stock", "raw_source": {"type": "next-data", "data": {"index": 29, "promotions": [], "productId": "21128348_EA", "productImage": [{"imageUrl": "https://digital.loblaws.ca/PCX/21128348_EA/en/1/21128348_en_front_v3_1200.png", "thumbnailUrl": "https://digital.loblaws.ca/PCX/21128348_EA/en/1/21128348_en_front_v3_120.png", "smallUrl": "https://digital.loblaws.ca/PCX/21128348_EA/en/1/21128348_en_front_v3_250.png", "mediumUrl": "https://digital.loblaws.ca/PCX/21128348_EA/en/1/21128348_en_front_v3_400.png", "largeUrl": "https://digital.loblaws.ca/PCX/21128348_EA/en/1/21128348_en_front_v3_800.png", "extraLargeUrl": "https://digital.loblaws.ca/PCX/21128348_EA/en/1/21128348_en_front_v3_1200.png", "smallRetinaUrl": "https://digital.loblaws.ca/PCX/21128348_EA/en/1/21128348_en_front_v3_250.png", "mediumRetinaUrl": "https://digital.loblaws.ca/PCX/21128348_EA/en/1/21128348_en_front_v3_400.png", "largeRetinaUrl": "https://digital.loblaws.ca/PCX/21128348_EA/en/1/21128348_en_front_v3_800.png"}], "brand": "Fairlife", "title": "Whole Milk", "description": "<p>We are driven by a simple belief: we can always make the world better. Proper nourishment allows us all to grow and thrive. All our milk flows through soft filters to concentrate protein while filtering out half of the natural sugars. Our delicious fairlife ultra-filtered milk has 50% less sugar and 50% more protein than regular chocolate milk. Plus, there are no artificial growth hormones used and it's lactose-free. So sip, drink, and chug as you enjoy our delicious ultra-filtered milk, eh?</p><ul><li>Made with 100% quality Canadian milk</li><li>50% less sugar and 50% more protein than regular chocolate milk</li><li>Delicious, satisfying, and lactose-free</li><li>No artificial growth hormones used</li></ul>", "packageSizing": "1.5 l, $0.50/100ml", "pricing": {"price": "7.49", "wasPrice": null, "displayPrice": "$7.49", "memberOnlyPrice": null, "mopDisplayPrice": null, "ehfTotal": null, "environmentalHandlingFee": null, "taxInfo": ""}, "pricingUnits": {"type": "SOLD_BY_EACH", "unit": "ea", "interval": 1, "minOrderQuantity": 1, "maxOrderQuantity": 24, "weighted": false}, "deal": null, "mopDeal": null, "pcoDeal": null, "inventoryIndicator": null, "offerType": "OG", "offerId": "OG", "action": null, "isVariant": false, "link": "/en/whole-milk/p/21128348_EA", "productVendor": null, "productVariant": null, "textBadge": "", "variantTheme": null, "articleNumber": "21128348", "uom": "EA", "sponsoredCreative": null, "isSponsored": false, "isComplementarySponsored": false, "complementarySponsoredBadgeText": null, "productBadge": {"badgeId": "PREPARED_IN_CANADA", "badgeClass": "badge11", "text": "Prepared in Canada", "icon": {"url": "https://dis-prod.assetful.loblaw.ca/content/dam/loblaw-companies-limited/creative-assets/pc-optimum/global-list/maple-leaf-red.png", "altText": "", "placement": "LEFT"}}}}}
{"store": "Real Canadian Superstore", "site_slug": "realcanadiansuperstore", "source_url": "/search?search-bar=milk&page=1", "scrape_ts": "2025-12-22T05:05:54.925973Z", "external_id": "20131121_EA", "name": "3.25% Microfiltered Milk", "brand": "Neilson", "size_text": "2 l, $0.30/100ml", "price": 5.99, "currency": "CAD", "unit_price": 0.3, "unit_price_uom": "100ml", "image_url": "https://digital.loblaws.ca/PCX/20131121_EA/en/1/20131121_en_front_800.png", "category_path": null, "availability": "in_stock", "raw_source": {"type": "next-data", "data": {"index": 30, "promotions": [], "productId": "20131121_EA", "productImage": [{"imageUrl": "https://digital.loblaws.ca/PCX/20131121_EA/en/1/20131121_en_front_1200.png", "thumbnailUrl": "https://digital.loblaws.ca/PCX/20131121_EA/en/1/20131121_en_front_120.png", "smallUrl": "https://digital.loblaws.ca/PCX/20131121_EA/en/1/20131121_en_front_250.png", "mediumUrl": "https://digital.loblaws.ca/PCX/20131121_EA/en/1/20131121_en_front_400.png", "largeUrl": "https://digital.loblaws.ca/PCX/20131121_EA/en/1/20131121_en_front_800.png", "extraLargeUrl": "https://digital.loblaws.ca/PCX/20131121_EA/en/1/20131121_en_front_1200.png", "smallRetinaUrl": "https://digital.loblaws.ca/PCX/20131121_EA/en/1/20131121_en_front_250.png", "mediumRetinaUrl": "https://digital.loblaws.ca/PCX/20131121_EA/en/1/20131121_en_front_400.png", "largeRetinaUrl": "https://digital.loblaws.ca/PCX/20131121_EA/en/1/20131121_en_front_800.png"}], "brand": "Neilson", "title": "3.25% Microfiltered Milk", "description": "Fresh, wholesome milk… naturally from Neilson.Since 1893, Neilson has stood for high quality dairy products. Neilson has always been committed to using the best ingredients, people and processes to produce great tasting quality milk you can depend on. Always fresh, always delicious and always an excellent source of calcium, protein and vitamin D.", "packageSizing": "2 l, $0.30/100ml", "pricing": {"price": "5.99", "wasPrice": null, "displayPrice": "$5.99", "memberOnlyPrice": null, "mopDisplayPrice": null, "ehfTotal": null, "environmentalHandlingFee": null, "taxInfo": ""}, "pricingUnits": {"type": "SOLD_BY_EACH", "unit": "ea", "interval": 1, "minOrderQuantity": 1, "maxOrderQuantity": 24, "weighted": false}, "deal": null, "mopDeal": null, "pcoDeal": null, "inventoryIndicator": null, "offerType": "OG", "offerId": "OG", "action": null, "isVariant": false, "link": "/en/3-25-microfiltered-milk/p/20131121_EA", "productVendor": null, "productVariant": null, "textBadge": "", "variantTheme": null, "articleNumber": "20131121", "uom": "EA", "sponsoredCreative": null, "isSponsored": false, "isComplementarySponsored": false, "complementarySponsoredBadgeText": null, "productBadge": {"badgeId": "PREPARED_IN_CANADA", "badgeClass": "badge11", "text": "Prepared in Canada", "icon": {"url": "https://dis-prod.assetful.loblaw.ca/content/dam/loblaw-companies-limited/creative-assets/pc-optimum/global-list/maple-leaf-red.png", "altText": "", "placement": "LEFT"}}}}}
{"store": "Real Canadian Superstore", "site_slug": "realcanadiansuperstore", "source_url": "/search?search-bar=milk&page=1", "scrape_ts": "2025-12-22T05:05:54.925973Z", "external_id": "20178677_EA", "name": "3.25% Homogenized Milk", "brand": "Neilson", "size_text": "1 l, $0.38/100ml", "price": 3.81, "currency": "CAD", "unit_price": 0.38, "unit_price_uom": "100ml", "image_url": "https://digital.loblaws.ca/PCX/20178677_EA/en/1/20178677_en_front_800.png", "category_path": null, "availability": "in_stock", "raw_source": {"type": "next-data", "data": {"index": 31, "promotions": [], "productId": "20178677_EA", "productImage": [{"imageUrl": "https://digital.loblaws.ca/PCX/20178677_EA/en/1/20178677_en_front_1200.png", "thumbnailUrl": "https://digital.loblaws.ca/PCX/20178677_EA/en/1/20178677_en_front_120.png", "smallUrl": "https://digital.loblaws.ca/PCX/20178677_EA/en/1/20178677_en_front_250.png", "mediumUrl": "https://digital.loblaws.ca/PCX/20178677_EA/en/1/20178677_en_front_400.png", "largeUrl": "https://digital.loblaws.ca/PCX/20178677_EA/en/1/20178677_en_front_800.png", "extraLargeUrl": "https://digital.loblaws.ca/PCX/20178677_EA/en/1/20178677_en_front_1200.png", "smallRetinaUrl": "https://digital.loblaws.ca/PCX/20178677_EA/en/1/20178677_en_front_250.png", "mediumRetinaUrl": "https://digital.loblaws.ca/PCX/20178677_EA/en/1/20178677_en_front_400.png", "largeRetinaUrl": "https://digital.loblaws.ca/PCX/20178677_EA/en/1/20178677_en_front_800.png"}], "brand": "Neilson", "title": "3.25% Homogenized Milk", "description": "Fresh, wholesome milk… naturally from Neilson.Since 1893, Neilson has stood for high quality dairy products. Neilson has always been committed to using the best ingredients, people and processes to produce great tasting quality milk you can depend on. Always fresh, always delicious and always an excellent source of calcium, protein and vitamin D.", "packageSizing": "1 l, $0.38/100ml", "pricing": {"price": "3.81", "wasPrice": null, "displayPrice": "$3.81", "memberOnlyPrice": null, "mopDisplayPrice": null, "ehfTotal": null, "environmentalHandlingFee": null, "taxInfo": ""}, "pricingUnits": {"type": "SOLD_BY_EACH", "unit": "ea", "interval": 1, "minOrderQuantity": 1, "maxOrderQuantity": 24, "weighted": false}, "deal": null, "mopDeal": null, "pcoDeal": null, "inventoryIndicator": null, "offerType": "OG", "offerId": "OG", "action": null, "isVariant": false, "link": "/en/3-25-homogenized-milk/p/20178677_EA", "productVendor": null, "productVariant": null, "textBadge": "", "variantTheme": null, "articleNumber": "20178677", "uom": "EA", "sponsoredCreative": null, "isSponsored": false, "isComplementarySponsored": false, "complementarySponsoredBadgeText": null, "productBadge": {"badgeId": "PREPARED_IN_CANADA", "badgeClass": "badge11", "text": "Prepared in Canada", "icon": {"url": "https://dis-prod.assetful.loblaw.ca/content/dam/loblaw-companies-limited/creative-assets/pc-optimum/global-list/maple-leaf-red.png", "altText": "", "placement": "LEFT"}}}}}
{"store": "Real Canadian Superstore", "site_slug": "realcanadiansuperstore", "source_url": "/search?search-bar=milk&page=1", "scrape_ts": "2025-12-22T05:05:54.925973Z", "external_id": "21128364_EA", "name": "Skim Milk", "brand": "Fairlife", "size_text": "1.5 l, $0.50/100ml", "price": 7.49, "currency": "CAD", "unit_price": 0.5, "unit_price_uom": "100ml", "image_url": "https://digital.loblaws.ca/PCX/21128364_EA/en/1/21128364_en_front_v3_800.png", "category_path": null, "availability": "in_stock", "raw_source": {"type": "next-data", "data": {"index": 32, "promotions": [], "productId": "21128364_EA", "productImage": [{"imageUrl": "https://digital.loblaws.ca/PCX/21128364_EA/en/1/21128364_en_front_v3_1200.png", "thumbnailUrl": "https://digital.loblaws.ca/PCX/21128364_EA/en/1/21128364_en_front_v3_120.png", "smallUrl": "https://digital.loblaws.ca/PCX/21128364_EA/en/1/21128364_en_front_v3_250.png", "mediumUrl": "https://digital.loblaws.ca/PCX/21128364_EA/en/1/21128364_en_front_v3_400.png", "largeUrl": "https://digital.loblaws.ca/PCX/21128364_EA/en/1/21128364_en_front_v3_800.png", "extraLargeUrl": "https://digital.loblaws.ca/PCX/21128364_EA/en/1/21128364_en_front_v3_1200.png", "smallRetinaUrl": "https://digital.loblaws.ca/PCX/21128364_EA/en/1/21128364_en_front_v3_250.png", "mediumRetinaUrl": "https://digital.loblaws.ca/PCX/21128364_EA/en/1/21128364_en_front_v3_400.png", "largeRetinaUrl": "https://digital.loblaws.ca/PCX/21128364_EA/en/1/21128364_en_front_v3_800.png"}], "brand": "Fairlife", "title": "Skim Milk", "description": "<p>We are driven by a simple belief: we can always make the world better. Proper nourishment allows us all to grow and thrive. All our milk flows through soft filters to concentrate protein while filtering out half of the natural sugars. Our delicious fairlife ultra-filtered milk has 50% less sugar and 50% more protein than regular chocolate milk. Plus, there are no artificial growth hormones used and it's lactose-free. So sip, drink, and chug as you enjoy our delicious ultra-filtered milk, eh?</p><ul><li>Made with 100% quality Canadian milk</li><li>50% less sugar and 50% more protein than regular chocolate milk</li><li>Delicious, satisfying, and lactose-free</li><li>No artificial growth hormones used</li></ul>", "packageSizing": "1.5 l, $0.50/100ml", "pricing": {"price": "7.49", "wasPrice": null, "displayPrice": "$7.49", "memberOnlyPrice": null, "mopDisplayPrice": null, "ehfTotal": null, "environmentalHandlingFee": null, "taxInfo": ""}, "pricingUnits": {"type": "SOLD_BY_EACH", "unit": "ea", "interval": 1, "minOrderQuantity": 1, "maxOrderQuantity": 24, "weighted": false}, "deal": null, "mopDeal": null, "pcoDeal": null, "inventoryIndicator": null, "offerType": "OG", "offerId": "OG", "action": null, "isVariant": false, "link": "/en/skim-milk/p/21128364_EA", "productVendor": null, "productVariant": null, "textBadge": "", "variantTheme": null, "articleNumber": "21128364", "uom": "EA", "sponsoredCreative": null, "isSponsored": false, "isComplementarySponsored": false, "complementarySponsoredBadgeText": null, "productBadge": {"badgeId": "PREPARED_IN_CANADA", "badgeClass": "badge11", "text": "Prepared in Canada", "icon": {"url": "https://dis-prod.assetful.loblaw.ca/content/dam/loblaw-companies-limited/creative-assets/pc-optimum/global-list/maple-leaf-red.png", "altText": "", "placement": "LEFT"}}}}}
{"store": "Real Canadian Superstore", "site_slug": "realcanadiansuperstore", "source_url": "/search?search-bar=milk&page=1", "scrape_ts": "2025-12-22T05:05:54.925973Z", "external_id": "21163394_EA", "name": "2% Ultrafiltered Partly Skimmed Milk", "brand": "Neilson", "size_text": "1 l, $0.48/100ml", "price": 4.83, "currency": "CAD", "unit_price": 0.48, "unit_price_uom": "100ml", "image_url": "https://digital.loblaws.ca/PCX/21163394_EA/en/1/21163394_en_front_v2_800.png", "category_path": null, "availability": "in_stock", "raw_source": {"type": "next-data", "data": {"index": 33, "promotions": [], "productId": "21163394_EA", "productImage": [{"imageUrl": "https://digital.loblaws.ca/PCX/21163394_EA/en/1/21163394_en_front_v2_1200.png", "thumbnailUrl": "https://digital.loblaws.ca/PCX/21163394_EA/en/1/21163394_en_front_v2_120.png", "smallUrl": "https://digital.loblaws.ca/PCX/21163394_EA/en/1/21163394_en_front_v2_250.png", "mediumUrl": "https://digital.loblaws.ca/PCX/21163394_EA/en/1/21163394_en_front_v2_400.png", "largeUrl": "https://digital.loblaws.ca/PCX/21163394_EA/en/1/21163394_en_front_v2_800.png", "extraLargeUrl": "https://digital.loblaws.ca/PCX/21163394_EA/en/1/21163394_en_front_v2_1200.png", "smallRetinaUrl": "https://digital.loblaws.ca/PCX/21163394_EA/en/1/21163394_en_front_v2_250.png", "mediumRetinaUrl": "https://digital.loblaws.ca/PCX/21163394_EA/en/1/21163394_en_front_v2_400.png", "largeRetinaUrl": "https://digital.loblaws.ca/PCX/21163394_EA/en/1/21163394_en_front_v2_800.png"}], "brand": "Neilson", "title": "2% Ultrafiltered Partly Skimmed Milk", "description": "<p>Neilson. Part of your family since 1893.Neilson Ultrafiltered Partly Skimmed Milk offers a smooth, balanced taste with the power of 18 grams of protein from milk in every 250 mL serving. Made from 100% Canadian milk, it’s crafted using a fine filtration process that concentrates natural protein and reduces lactose. The result is a creamy, satisfying drink enriched with milk protein concentrate and no added sugar.</p>", "packageSizing": "1 l, $0.48/100ml", "pricing": {"price": "4.83", "wasPrice": null, "displayPrice": "$4.83", "memberOnlyPrice": null, "mopDisplayPrice": null, "ehfTotal": null, "environmentalHandlingFee": null, "taxInfo": ""}, "pricingUnits": {"type": "SOLD_BY_EACH", "unit": "ea", "interval": 1, "minOrderQuantity": 1, "maxOrderQuantity": 24, "weighted": false}, "deal": null, "mopDeal": null, "pcoDeal": null, "inventoryIndicator": null, "offerType": "OG", "offerId": "OG", "action": null, "isVariant": false, "link": "/en/2-ultrafiltered-partly-skimmed-milk/p/21163394_EA", "productVendor": null, "productVariant": null, "textBadge": "", "variantTheme": null, "articleNumber": "21163394", "uom": "EA", "sponsoredCreative": null, "isSponsored": false, "isComplementarySponsored": false, "complementarySponsoredBadgeText": null, "productBadge": {"badgeId": "PREPARED_IN_CANADA", "badgeClass": "badge11", "text": "Prepared in Canada", "icon": {"url": "https://dis-prod.assetful.loblaw.ca/content/dam/loblaw-companies-limited/creative-assets/pc-optimum/global-list/maple-leaf-red.png", "altText": "", "placement": "LEFT"}}}}}
{"store": "Real Canadian Superstore", "site_slug": "realcanadiansuperstore", "source_url": "/search?search-bar=milk&page=1", "scrape_ts": "2025-12-22T05:05:54.925973Z", "external_id": "20835553001_EA", "name": "Grass Fed 2% Milk", "brand": "Rolling Meadow", "size_text": "2 l, $0.35/100ml", "price": 6.99, "currency": "CAD", "unit_price": 0.35, "unit_price_uom": "100ml", "image_url": "https://digital.loblaws.ca/PCX/20835553001_EA/en/1/20835553001_en_front_v1_800.png", "category_path": null, "availability": "in_stock", "raw_source": {"type": "next-data", "data": {"index": 34, "promotions": [], "productId": "20835553001_EA", "productImage": [{"imageUrl": "https://digital.loblaws.ca/PCX/20835553001_EA/en/1/20835553001_en_front_v1_1200.png", "thumbnailUrl": "https://digital.loblaws.ca/PCX/20835553001_EA/en/1/20835553001_en_front_v1_120.png", "smallUrl": "https://digital.loblaws.ca/PCX/20835553001_EA/en/1/20835553001_en_front_v1_250.png", "mediumUrl": "https://digital.loblaws.ca/PCX/20835553001_EA/en/1/20835553001_en_front_v1_400.png", "largeUrl": "https://digital.loblaws.ca/PCX/20835553001_EA/en/1/20835553001_en_front_v1_800.png", "extraLargeUrl": "https://digital.loblaws.ca/PCX/20835553001_EA/en/1/20835553001_en_front_v1_1200.png", "smallRetinaUrl": "https://digital.loblaws.ca/PCX/20835553001_EA/en/1/20835553001_en_front_v1_250.png", "mediumRetinaUrl": "https://digital.loblaws.ca/PCX/20835553001_EA/en/1/20835553001_en_front_v1_400.png", "largeRetinaUrl": "https://digital.loblaws.ca/PCX/20835553001_EA/en/1/20835553001_en_front_v1_800.png"}], "brand": "Rolling Meadow", "title": "Grass Fed 2% Milk", "description": "Rich in nutrients, milk has been a food staple for centuries. Used in cooking, baking or simply as a wholesome beverage, Milk is a great way to get calcium and protein into your diet. Whole milk contains at least 3.25% milk fat. When a portion of the milk’s fat is removed, it becomes partly skimmed milk, such as 2% milk and 1% milk, depending on the quantity removed. Skim milk is virtually fat-free, with only about 0.1% fat.", "packageSizing": "2 l, $0.35/100ml", "pricing": {"price": "6.99", "wasPrice": null, "displayPrice": "$6.99", "memberOnlyPrice": null, "mopDisplayPrice": null, "ehfTotal": null, "environmentalHandlingFee": null, "taxInfo": ""}, "pricingUnits": {"type": "SOLD_BY_EACH", "unit": "ea", "interval": 1, "minOrderQuantity": 1, "maxOrderQuantity": 24, "weighted": false}, "deal": null, "mopDeal": null, "pcoDeal": null, "inventoryIndicator": null, "offerType": "OG", "offerId": "OG", "action": null, "isVariant": false, "link": "/en/grass-fed-2-milk/p/20835553001_EA", "productVendor": null, "productVariant": null, "textBadge": "", "variantTheme": null, "articleNumber": "20835553001", "uom": "EA", "sponsoredCreative": null, "isSponsored": false, "isComplementarySponsored": false, "complementarySponsoredBadgeText": null, "productBadge": {"badgeId": "PREPARED_IN_CANADA", "badgeClass": "badge11", "text": "Prepared in Canada", "icon": {"url": "https://dis-prod.assetful.loblaw.ca/content/dam/loblaw-companies-limited/creative-assets/pc-optimum/global-list/maple-leaf-red.png", "altText": "", "placement": "LEFT"}}}}}
{"store": "Real Canadian Superstore", "site_slug": "realcanadiansuperstore", "source_url": "/search?search-bar=milk&page=1", "scrape_ts": "2025-12-22T05:05:54.925973Z", "external_id": "21424994_EA", "name": "PūrFiltre Milk 3.25% Homogenized", "brand": "Lactantia", "size_text": "2 l, $0.31/100ml", "price": 6.1, "currency": "CAD", "unit_price": 0.31, "unit_price_uom": "100ml", "image_url": "https://digital.loblaws.ca/PCX/21424994_EA/en/1/21424994_en_front_800.png", "category_path": null, "availability": "in_stock", "raw_source": {"type": "next-data", "data": {"index": 35, "promotions": [], "productId": "21424994_EA", "productImage": [{"imageUrl": "https://digital.loblaws.ca/PCX/21424994_EA/en/1/21424994_en_front_1200.png", "thumbnailUrl": "https://digital.loblaws.ca/PCX/21424994_EA/en/1/21424994_en_front_120.png", "smallUrl": "https://digital.loblaws.ca/PCX/21424994_EA/en/1/21424994_en_front_250.png", "mediumUrl": "https://digital.loblaws.ca/PCX/21424994_EA/en/1/21424994_en_front_400.png", "largeUrl": "https://digital.loblaws.ca/PCX/21424994_EA/en/1/21424994_en_front_800.png", "extraLargeUrl": "https://digital.loblaws.ca/PCX/21424994_EA/en/1/21424994_en_front_1200.png", "smallRetinaUrl": "https://digital.loblaws.ca/PCX/21424994_EA/en/1/21424994_en_front_250.png", "mediumRetinaUrl": "https://digital.loblaws.ca/PCX/21424994_EA/en/1/21424994_en_front_400.png", "largeRetinaUrl": "https://digital.loblaws.ca/PCX/21424994_EA/en/1/21424994_en_front_800.png"}], "brand": "Lactantia", "title": "PūrFiltre Milk 3.25% Homogenized", "description": null, "packageSizing": "2 l, $0.31/100ml", "pricing": {"price": "6.10", "wasPrice": null, "displayPrice": "$6.10", "memberOnlyPrice": null, "mopDisplayPrice": null, "ehfTotal": null, "environmentalHandlingFee": null, "taxInfo": ""}, "pricingUnits": {"type": "SOLD_BY_EACH", "unit": "ea", "interval": 1, "minOrderQuantity": 1, "maxOrderQuantity": 24, "weighted": false}, "deal": null, "mopDeal": null, "pcoDeal": null, "inventoryIndicator": null, "offerType": "OG", "offerId": "OG", "action": null, "isVariant": false, "link": "/en/p-rfiltre-milk-3-25-homogenized/p/21424994_EA", "productVendor": null, "productVariant": null, "textBadge": "", "variantTheme": null, "articleNumber": "21424994", "uom": "EA", "sponsoredCreative": null, "isSponsored": false, "isComplementarySponsored": false, "complementarySponsoredBadgeText": null, "productBadge": {"badgeId": "PREPARED_IN_CANADA", "badgeClass": "badge11", "text": "Prepared in Canada", "icon": {"url": "https://dis-prod.assetful.loblaw.ca/content/dam/loblaw-companies-limited/creative-assets/pc-optimum/global-list/maple-leaf-red.png", "altText": "", "placement": "LEFT"}}}}}
{"store": "Real Canadian Superstore", "site_slug": "realcanadiansuperstore", "source_url": "/search?search-bar=milk&page=1", "scrape_ts": "2025-12-22T05:05:54.925973Z", "external_id": "21694606_EA", "name": "Ultrapur Protein Ultra-Filtered Milk 3.25%", "brand": "Lactantia", "size_text": "1.5 l, $0.43/100ml", "price": 6.49, "currency": "CAD", "unit_price": 0.43, "unit_price_uom": "100ml", "image_url": "https://digital.loblaws.ca/PCX/21694606_EA/en/1/21694606_en_front_v1_800.png", "category_path": null, "availability": "in_stock", "raw_source": {"type": "next-data", "data": {"index": 36, "promotions": [], "productId": "21694606_EA", "productImage": [{"imageUrl": "https://digital.loblaws.ca/PCX/21694606_EA/en/1/21694606_en_front_v1_1200.png", "thumbnailUrl": "https://digital.loblaws.ca/PCX/21694606_EA/en/1/21694606_en_front_v1_120.png", "smallUrl": "https://digital.loblaws.ca/PCX/21694606_EA/en/1/21694606_en_front_v1_250.png", "mediumUrl": "https://digital.loblaws.ca/PCX/21694606_EA/en/1/21694606_en_front_v1_400.png", "largeUrl": "https://digital.loblaws.ca/PCX/21694606_EA/en/1/21694606_en_front_v1_800.png", "extraLargeUrl": "https://digital.loblaws.ca/PCX/21694606_EA/en/1/21694606_en_front_v1_1200.png", "smallRetinaUrl": "https://digital.loblaws.ca/PCX/21694606_EA/en/1/21694606_en_front_v1_250.png", "mediumRetinaUrl": "https://digital.loblaws.ca/PCX/21694606_EA/en/1/21694606_en_front_v1_400.png", "largeRetinaUrl": "https://digital.loblaws.ca/PCX/21694606_EA/en/1/21694606_en_front_v1_800.png"}], "brand": "Lactantia", "title": "Ultrapur Protein Ultra-Filtered Milk 3.25%", "description": "<p>Get more of what you want with Lactantia UltraPur Ultrafiltered Milk. Unlike regular milk, this whole high protein milk is also ideal for those who require lactose free milk. Sourced from Canadian dairies, every drop of this 3.25% high-protein milk is carefully filtered to provide a smooth, pure taste that stays fresh longer without preservatives. Source of 10 essential nutrients and no sugar added, this homogenized milk is a nutritious and delicious choice for the whole family. A delightful, refreshing choice on its own, with cereal, or in blended coffee drinks. Rediscover the power of farm-fresh flavour with ultrafiltered milk. Lactantia, for Milk Connoisseurs!</p><ul><li>Made with ultrafiltered milk that stays fresh longer without preservatives</li><li>100% Canadian milk from Canadian dairies</li><li>20g of protein per serving</li><li>Lactose free</li><li>3.25% M.F.</li><li>Source of 10 essential nutrients</li><li>No added sugar</li><li>1.5 L</li></ul>", "packageSizing": "1.5 l, $0.43/100ml", "pricing": {"price": "6.49", "wasPrice": null, "displayPrice": "$6.49", "memberOnlyPrice": null, "mopDisplayPrice": null, "ehfTotal": null, "environmentalHandlingFee": null, "taxInfo": ""}, "pricingUnits": {"type": "SOLD_BY_EACH", "unit": "ea", "interval": 1, "minOrderQuantity": 1, "maxOrderQuantity": 25, "weighted": false}, "deal": null, "mopDeal": null, "pcoDeal": null, "inventoryIndicator": null, "offerType": "OG", "offerId": "OG", "action": null, "isVariant": false, "link": "/en/ultrapur-protein-ultra-filtered-milk-3-25/p/21694606_EA", "productVendor": null, "productVariant": null, "textBadge": "", "variantTheme": null, "articleNumber": "21694606", "uom": "EA", "sponsoredCreative": null, "isSponsored": false, "isComplementarySponsored": false, "complementarySponsoredBadgeText": null, "productBadge": null}}}
{"store": "Real Canadian Superstore", "site_slug": "realcanadiansuperstore", "source_url": "/search?search-bar=milk&page=1", "scrape_ts": "2025-12-22T05:05:54.925973Z", "external_id": "20794060004_EA", "name": "Almond Breeze Unsweetened Almond Milk, Original", "brand": "Blue Diamond", "size_text": "1.89 l, $0.24/100ml", "price": 4.49, "currency": "CAD", "unit_price": 0.24, "unit_price_uom": "100ml", "image_url": "https://digital.loblaws.ca/PCX/20794060004_EA/en/1/4157010918_en_front_centre_marketing_A_1_GS1_Ecommerce_800.png", "category_path": null, "availability": "in_stock", "raw_source": {"type": "next-data", "data": {"index": 37, "promotions": [{"type": "DEAL", "quantity": null, "savings": null, "value": null, "promoCode": "000002808753", "expiryDate": "9999-12-31T00:00:00Z", "title": null, "promoType": null, "pricingMethod": "3", "text": "PC Optimum Points", "reward": "$_FIXED", "callToAction": {"text": "Shop Offer", "url": "/shop-by-promo/000002808753"}}], "productId": "20794060004_EA", "productImage": [{"imageUrl": "https://digital.loblaws.ca/PCX/20794060004_EA/en/1/4157010918_en_front_centre_marketing_A_1_GS1_Ecommerce_1200.png", "thumbnailUrl": "https://digital.loblaws.ca/PCX/20794060004_EA/en/1/4157010918_en_front_centre_marketing_A_1_GS1_Ecommerce_120.png", "smallUrl": "https://digital.loblaws.ca/PCX/20794060004_EA/en/1/4157010918_en_front_centre_marketing_A_1_GS1_Ecommerce_250.png", "mediumUrl": "https://digital.loblaws.ca/PCX/20794060004_EA/en/1/4157010918_en_front_centre_marketing_A_1_GS1_Ecommerce_400.png", "largeUrl": "https://digital.loblaws.ca/PCX/20794060004_EA/en/1/4157010918_en_front_centre_marketing_A_1_GS1_Ecommerce_800.png", "extraLargeUrl": "https://digital.loblaws.ca/PCX/20794060004_EA/en/1/4157010918_en_front_centre_marketing_A_1_GS1_Ecommerce_1200.png", "smallRetinaUrl": "https://digital.loblaws.ca/PCX/20794060004_EA/en/1/4157010918_en_front_centre_marketing_A_1_GS1_Ecommerce_250.png", "mediumRetinaUrl": "https://digital.loblaws.ca/PCX/20794060004_EA/en/1/4157010918_en_front_centre_marketing_A_1_GS1_Ecommerce_400.png", "largeRetinaUrl": "https://digital.loblaws.ca/PCX/20794060004_EA/en/1/4157010918_en_front_centre_marketing_A_1_GS1_Ecommerce_800.png"}], "brand": "Blue Diamond", "title": "Almond Breeze Unsweetened Almond Milk, Original", "description": "Almond Breeze is a delicious way to be good to yourself!.<br><br>From The Almond People", "packageSizing": "1.89 l, $0.24/100ml", "pricing": {"price": "4.49", "wasPrice": null, "displayPrice": "$4.49", "memberOnlyPrice": null, "mopDisplayPrice": null, "ehfTotal": null, "environmentalHandlingFee": null, "taxInfo": ""}, "pricingUnits": {"type": "SOLD_BY_EACH", "unit": "ea", "interval": 1, "minOrderQuantity": 1, "maxOrderQuantity": 24, "weighted": false}, "deal": {"type": "MULTI", "text": "$4.00 MIN 2", "points": 0, "name": "MULTI", "expiryDate": null, "dealPrice": null}, "mopDeal": null, "pcoDeal": null, "inventoryIndicator": {"indicatorId": "LOW", "text": "Low Stock"}, "offerType": "OG", "offerId": "OG", "action": null, "isVariant": false, "link": "/en/almond-breeze-unsweetened-almond-milk-original/p/20794060004_EA", "productVendor": null, "productVariant": null, "textBadge": "low-inventory", "variantTheme": null, "articleNumber": "20794060004", "uom": "EA", "sponsoredCreative": null, "isSponsored": false, "isComplementarySponsored": false, "complementarySponsoredBadgeText": null, "productBadge": {"badgeId": "SUBSCRIBE_EARN", "badgeClass": "badge06", "text": "Subscribe & Earn", "icon": null}}}}
{"store": "Real Canadian Superstore", "site_slug": "realcanadiansuperstore", "source_url": "/search?search-bar=milk&page=1", "scrape_ts": "2025-12-22T05:05:54.925973Z", "external_id": "21694529_EA", "name": "Ultrapur Protein Ultra-Filtered Milk 0%", "brand": "Lactantia", "size_text": "1.5 l, $0.43/100ml", "price": 6.49, "currency": "CAD", "unit_price": 0.43, "unit_price_uom": "100ml", "image_url": "https://digital.loblaws.ca/PCX/21694529_EA/en/1/21694529_en_front_v1_800.png", "category_path": null, "availability": "out_of_stock", "raw_source": {"type": "next-data", "data": {"index": 38, "promotions": [], "productId": "21694529_EA", "productImage": [{"imageUrl": "https://digital.loblaws.ca/PCX/21694529_EA/en/1/21694529_en_front_v1_1200.png", "thumbnailUrl": "https://digital.loblaws.ca/PCX/21694529_EA/en/1/21694529_en_front_v1_120.png", "smallUrl": "https://digital.loblaws.ca/PCX/21694529_EA/en/1/21694529_en_front_v1_250.png", "mediumUrl": "https://digital.loblaws.ca/PCX/21694529_EA/en/1/21694529_en_front_v1_400.png", "largeUrl": "https://digital.loblaws.ca/PCX/21694529_EA/en/1/21694529_en_front_v1_800.png", "extraLargeUrl": "https://digital.loblaws.ca/PCX/21694529_EA/en/1/21694529_en_front_v1_1200.png", "smallRetinaUrl": "https://digital.loblaws.ca/PCX/21694529_EA/en/1/21694529_en_front_v1_250.png", "mediumRetinaUrl": "https://digital.loblaws.ca/PCX/21694529_EA/en/1/21694529_en_front_v1_400.png", "largeRetinaUrl": "https://digital.loblaws.ca/PCX/21694529_EA/en/1/21694529_en_front_v1_800.png"}], "brand": "Lactantia", "title": "Ultrapur Protein Ultra-Filtered Milk 0%", "description": "<p>Get more of what you want with Lactantia UltraPur Ultrafiltered Milk. Unlike regular milk, this skimmed high protein milk is also ideal for those who require lactose free milk. Sourced from Canadian dairies, every drop of this 0% high-protein milk is carefully filtered to provide a smooth, pure taste that stays fresh longer without preservatives. Source of 10 essential nutrients and no sugar added, this fat-free milk is a nutritious and delicious choice for the whole family. A delightful, refreshing choice on its own, with cereal, or in blended coffee drinks. Rediscover the power of farm-fresh flavour with ultrafiltered milk. Lactantia, for Milk Connoisseurs!</p><ul><li>Made with ultrafiltered milk that stays fresh longer without preservatives</li><li>100% Canadian milk from Canadian dairies</li><li>20g of protein per serving</li><li>Lactose free</li><li>0% M.F.</li><li>Source of 10 essential nutrients</li><li>No added sugar</li><li>1.5 L</li></ul>", "packageSizing": "1.5 l, $0.43/100ml", "pricing": {"price": "6.49", "wasPrice": null, "displayPrice": "$6.49", "memberOnlyPrice": null, "mopDisplayPrice": null, "ehfTotal": null, "environmentalHandlingFee": null, "taxInfo": ""}, "pricingUnits": {"type": "SOLD_BY_EACH", "unit": "ea", "interval": 1, "minOrderQuantity": 1, "maxOrderQuantity": 25, "weighted": false}, "deal": null, "mopDeal": null, "pcoDeal": null, "inventoryIndicator": {"indicatorId": "OUT", "text": "Out of Stock"}, "offerType": "OG", "offerId": "OG", "action": null, "isVariant": false, "link": "/en/ultrapur-protein-ultra-filtered-milk-0/p/21694529_EA", "productVendor": null, "productVariant": null, "textBadge": "out-of-stock", "variantTheme": null, "articleNumber": "21694529", "uom": "EA", "sponsoredCreative": null, "isSponsored": false, "isComplementarySponsored": false, "complementarySponsoredBadgeText": null, "productBadge": null}}}
{"store": "Real Canadian Superstore", "site_slug": "realcanadiansuperstore", "source_url": "/search?search-bar=milk&page=1", "scrape_ts": "2025-12-22T05:05:54.925973Z", "external_id": "20075226_EA", "name": "0% Microfiltered Milk", "brand": "Neilson", "size_text": "4 l, $0.17/100ml", "price": 6.88, "currency": "CAD", "unit_price": 0.17, "unit_price_uom": "100ml", "image_url": "https://digital.loblaws.ca/PCX/20075226_EA/en/1/20075226_en_front_v1_800.png", "category_path": null, "availability": "in_stock", "raw_source": {"type": "next-data", "data": {"index": 39, "promotions": [], "productId": "20075226_EA", "productImage": [{"imageUrl": "https://digital.loblaws.ca/PCX/20075226_EA/en/1/20075226_en_front_v1_1200.png", "thumbnailUrl": "https://digital.loblaws.ca/PCX/20075226_EA/en/1/20075226_en_front_v1_120.png", "smallUrl": "https://digital.loblaws.ca/PCX/20075226_EA/en/1/20075226_en_front_v1_250.png", "mediumUrl": "https://digital.loblaws.ca/PCX/20075226_EA/en/1/20075226_en_front_v1_400.png", "largeUrl": "https://digital.loblaws.ca/PCX/20075226_EA/en/1/20075226_en_front_v1_800.png", "extraLargeUrl": "https://digital.loblaws.ca/PCX/20075226_EA/en/1/20075226_en_front_v1_1200.png", "smallRetinaUrl": "https://digital.loblaws.ca/PCX/20075226_EA/en/1/20075226_en_front_v1_250.png", "mediumRetinaUrl": "https://digital.loblaws.ca/PCX/20075226_EA/en/1/20075226_en_front_v1_400.png", "largeRetinaUrl": "https://digital.loblaws.ca/PCX/20075226_EA/en/1/20075226_en_front_v1_800.png"}], "brand": "Neilson", "title": "0% Microfiltered Milk", "description": "Fresh, wholesome milk… naturally from Neilson.Since 1893, Neilson has stood for high quality dairy products. Neilson has always been committed to using the best ingredients, people and processes to produce great tasting quality milk you can depend on. Always fresh, always delicious and always an excellent source of calcium, protein and vitamin D.", "packageSizing": "4 l, $0.17/100ml", "pricing": {"price": "6.88", "wasPrice": null, "displayPrice": "$6.88", "memberOnlyPrice": null, "mopDisplayPrice": null, "ehfTotal": null, "environmentalHandlingFee": null, "taxInfo": ""}, "pricingUnits": {"type": "SOLD_BY_EACH", "unit": "ea", "interval": 1, "minOrderQuantity": 1, "maxOrderQuantity": 24, "weighted": false}, "deal": null, "mopDeal": null, "pcoDeal": null, "inventoryIndicator": null, "offerType": "OG", "offerId": "OG", "action": null, "isVariant": false, "link": "/en/0-microfiltered-milk/p/20075226_EA", "productVendor": null, "productVariant": null, "textBadge": "", "variantTheme": null, "articleNumber": "20075226", "uom": "EA", "sponsoredCreative": null, "isSponsored": false, "isComplementarySponsored": false, "complementarySponsoredBadgeText": null, "productBadge": {"badgeId": "PREPARED_IN_CANADA", "badgeClass": "badge11", "text": "Prepared in Canada", "icon": {"url": "https://dis-prod.assetful.loblaw.ca/content/dam/loblaw-companies-limited/creative-assets/pc-optimum/global-list/maple-leaf-red.png", "altText": "", "placement": "LEFT"}}}}}
{"store": "Real Canadian Superstore", "site_slug": "realcanadiansuperstore", "source_url": "/search?search-bar=milk&page=1", "scrape_ts": "2025-12-22T05:05:54.925973Z", "external_id": "21239130_EA", "name": "Ultrapur Ultra-Filtered Chocolate Milk 1%", "brand": "Lactantia", "size_text": "1.5 l, $0.43/100ml", "price": 6.49, "currency": "CAD", "unit_price": 0.43, "unit_price_uom": "100ml", "image_url": "https://digital.loblaws.ca/PCX/21239130_EA/en/1/21239130_en_front_v1_800.png", "category_path": null, "availability": "in_stock", "raw_source": {"type": "next-data", "data": {"index": 40, "promotions": [], "productId": "21239130_EA", "productImage": [{"imageUrl": "https://digital.loblaws.ca/PCX/21239130_EA/en/1/21239130_en_front_v1_1200.png", "thumbnailUrl": "https://digital.loblaws.ca/PCX/21239130_EA/en/1/21239130_en_front_v1_120.png", "smallUrl": "https://digital.loblaws.ca/PCX/21239130_EA/en/1/21239130_en_front_v1_250.png", "mediumUrl": "https://digital.loblaws.ca/PCX/21239130_EA/en/1/21239130_en_front_v1_400.png", "largeUrl": "https://digital.loblaws.ca/PCX/21239130_EA/en/1/21239130_en_front_v1_800.png", "extraLargeUrl": "https://digital.loblaws.ca/PCX/21239130_EA/en/1/21239130_en_front_v1_1200.png", "smallRetinaUrl": "https://digital.loblaws.ca/PCX/21239130_EA/en/1/21239130_en_front_v1_250.png", "mediumRetinaUrl": "https://digital.loblaws.ca/PCX/21239130_EA/en/1/21239130_en_front_v1_400.png", "largeRetinaUrl": "https://digital.loblaws.ca/PCX/21239130_EA/en/1/21239130_en_front_v1_800.png"}], "brand": "Lactantia", "title": "Ultrapur Ultra-Filtered Chocolate Milk 1%", "description": "<p>Get more of what you want with a delicious twist with Lactantia UltraPur Chocolate Milk. This partly skimmed milk contains 50% more protein than regular chocolate milk and is made with no artificial sweeteners. Sourced from Canadian dairies, every drop of this high-protein 1% milk is carefully filtered to provide a smooth, pure taste that stays fresh longer without preservatives. Source of 10 essential nutrients, this low-fat milk is a nutritious and delicious choice for the whole family. Rediscover the power of farm-fresh flavour with ultrafiltered milk. Lactantia, for Milk Connoisseurs!</p><ul><li>Made with ultrafiltered milk that stays fresh longer without preservatives</li><li>Delicious chocolate flavour</li><li>No artificial sweeteners</li><li>100% Canadian milk from Canadian dairies</li><li>14g of protein per serving</li><li>1% M.F.</li><li>Source of 10 essential nutrients</li><li>No added sugar</li><li>1.5 L</li></ul>", "packageSizing": "1.5 l, $0.43/100ml", "pricing": {"price": "6.49", "wasPrice": null, "displayPrice": "$6.49", "memberOnlyPrice": null, "mopDisplayPrice": null, "ehfTotal": null, "environmentalHandlingFee": null, "taxInfo": ""}, "pricingUnits": {"type": "SOLD_BY_EACH", "unit": "ea", "interval": 1, "minOrderQuantity": 1, "maxOrderQuantity": 24, "weighted": false}, "deal": null, "mopDeal": null, "pcoDeal": null, "inventoryIndicator": null, "offerType": "OG", "offerId": "OG", "action": null, "isVariant": false, "link": "/en/ultrapur-ultra-filtered-chocolate-milk-1/p/21239130_EA", "productVendor": null, "productVariant": null, "textBadge": "", "variantTheme": null, "articleNumber": "21239130", "uom": "EA", "sponsoredCreative": null, "isSponsored": false, "isComplementarySponsored": false, "complementarySponsoredBadgeText": null, "productBadge": {"badgeId": "PREPARED_IN_CANADA", "badgeClass": "badge11", "text": "Prepared in Canada", "icon": {"url": "https://dis-prod.assetful.loblaw.ca/content/dam/loblaw-companies-limited/creative-assets/pc-optimum/global-list/maple-leaf-red.png", "altText": "", "placement": "LEFT"}}}}}
{"store": "Real Canadian Superstore", "site_slug": "realcanadiansuperstore", "source_url": "/search?search-bar=milk&page=1", "scrape_ts": "2025-12-22T05:05:54.925973Z", "external_id": "20107219004_EA", "name": "Almond Breeze Natural Almond, Unsweetened", "brand": "Blue Diamond", "size_text": "946 ml, $0.32/100ml", "price": 2.99, "currency": "CAD", "unit_price": 0.32, "unit_price_uom": "100ml", "image_url": "https://digital.loblaws.ca/PCX/20107219004_EA/en/1/20107219004_en_front_800.png", "category_path": null, "availability": "in_stock", "raw_source": {"type": "next-data", "data": {"index": 41, "promotions": [], "productId": "20107219004_EA", "productImage": [{"imageUrl": "https://digital.loblaws.ca/PCX/20107219004_EA/en/1/20107219004_en_front_1200.png", "thumbnailUrl": "https://digital.loblaws.ca/PCX/20107219004_EA/en/1/20107219004_en_front_120.png", "smallUrl": "https://digital.loblaws.ca/PCX/20107219004_EA/en/1/20107219004_en_front_250.png", "mediumUrl": "https://digital.loblaws.ca/PCX/20107219004_EA/en/1/20107219004_en_front_400.png", "largeUrl": "https://digital.loblaws.ca/PCX/20107219004_EA/en/1/20107219004_en_front_800.png", "extraLargeUrl": "https://digital.loblaws.ca/PCX/20107219004_EA/en/1/20107219004_en_front_1200.png", "smallRetinaUrl": "https://digital.loblaws.ca/PCX/20107219004_EA/en/1/20107219004_en_front_250.png", "mediumRetinaUrl": "https://digital.loblaws.ca/PCX/20107219004_EA/en/1/20107219004_en_front_400.png", "largeRetinaUrl": "https://digital.loblaws.ca/PCX/20107219004_EA/en/1/20107219004_en_front_800.png"}], "brand": "Blue Diamond", "title": "Almond Breeze Natural Almond, Unsweetened", "description": "Blue Diamond's Almond Breeze Unsweetened beverage is an excellent addition to your daily routine. Use it in your morning cereals or as a base for your homemade sauces to enhance your meals with ease. Blue Diamond's Almond Breeze provides a simple way to incorporate plant-based options into your diet.", "packageSizing": "946 ml, $0.32/100ml", "pricing": {"price": "2.99", "wasPrice": "$3.49", "displayPrice": "$2.99", "memberOnlyPrice": null, "mopDisplayPrice": null, "ehfTotal": null, "environmentalHandlingFee": null, "taxInfo": ""}, "pricingUnits": {"type": "SOLD_BY_EACH", "unit": "ea", "interval": 1, "minOrderQuantity": 1, "maxOrderQuantity": 24, "weighted": false}, "deal": {"type": "SALE", "text": "SAVE $0.50", "points": 0, "name": "SALE", "expiryDate": "2025-12-31T00:00:00Z", "dealPrice": null}, "mopDeal": null, "pcoDeal": null, "inventoryIndicator": null, "offerType": "OG", "offerId": "OG", "action": null, "isVariant": false, "link": "/en/almond-breeze-natural-almond-unsweetened/p/20107219004_EA", "productVendor": null, "productVariant": null, "textBadge": "", "variantTheme": null, "articleNumber": "20107219004", "uom": "EA", "sponsoredCreative": null, "isSponsored": false, "isComplementarySponsored": false, "complementarySponsoredBadgeText": null, "productBadge": {"badgeId": "SUBSCRIBE_EARN", "badgeClass": "badge06", "text": "Subscribe & Earn", "icon": null}}}}
{"store": "Real Canadian Superstore", "site_slug": "realcanadiansuperstore", "source_url": "/search?search-bar=milk&page=1", "scrape_ts": "2025-12-22T05:05:54.925973Z", "external_id": "20172914_EA", "name": "0% Skim Milk", "brand": "Neilson", "size_text": "4 l, $0.16/100ml", "price": 6.25, "currency": "CAD", "unit_price": 0.16, "unit_price_uom": "100ml", "image_url": "https://digital.loblaws.ca/PCX/20172914_EA/en/1/20172914_en_front_v1_800.png", "category_path": null, "availability": "in_stock", "raw_source": {"type": "next-data", "data": {"index": 42, "promotions": [], "productId": "20172914_EA", "productImage": [{"imageUrl": "https://digital.loblaws.ca/PCX/20172914_EA/en/1/20172914_en_front_v1_1200.png", "thumbnailUrl": "https://digital.loblaws.ca/PCX/20172914_EA/en/1/20172914_en_front_v1_120.png", "smallUrl": "https://digital.loblaws.ca/PCX/20172914_EA/en/1/20172914_en_front_v1_250.png", "mediumUrl": "https://digital.loblaws.ca/PCX/20172914_EA/en/1/20172914_en_front_v1_400.png", "largeUrl": "https://digital.loblaws.ca/PCX/20172914_EA/en/1/20172914_en_front_v1_800.png", "extraLargeUrl": "https://digital.loblaws.ca/PCX/20172914_EA/en/1/20172914_en_front_v1_1200.png", "smallRetinaUrl": "https://digital.loblaws.ca/PCX/20172914_EA/en/1/20172914_en_front_v1_250.png", "mediumRetinaUrl": "https://digital.loblaws.ca/PCX/20172914_EA/en/1/20172914_en_front_v1_400.png", "largeRetinaUrl": "https://digital.loblaws.ca/PCX/20172914_EA/en/1/20172914_en_front_v1_800.png"}], "brand": "Neilson", "title": "0% Skim Milk", "description": "Fresh, wholesome milk… naturally from Neilson.Since 1893, Neilson has stood for high quality dairy products. Neilson has always been committed to using the best ingredients, people and processes to produce great tasting quality milk you can depend on. Always fresh, always delicious and always an excellent source of calcium, protein and vitamin D.", "packageSizing": "4 l, $0.16/100ml", "pricing": {"price": "6.25", "wasPrice": null, "displayPrice": "$6.25", "memberOnlyPrice": null, "mopDisplayPrice": null, "ehfTotal": null, "environmentalHandlingFee": null, "taxInfo": ""}, "pricingUnits": {"type": "SOLD_BY_EACH", "unit": "ea", "interval": 1, "minOrderQuantity": 1, "maxOrderQuantity": 24, "weighted": false}, "deal": null, "mopDeal": null, "pcoDeal": null, "inventoryIndicator": null, "offerType": "OG", "offerId": "OG", "action": null, "isVariant": false, "link": "/en/0-skim-milk/p/20172914_EA", "productVendor": null, "productVariant": null, "textBadge": "", "variantTheme": null, "articleNumber": "20172914", "uom": "EA", "sponsoredCreative": null, "isSponsored": false, "isComplementarySponsored": false, "complementarySponsoredBadgeText": null, "productBadge": {"badgeId": "PREPARED_IN_CANADA", "badgeClass": "badge11", "text": "Prepared in Canada", "icon": {"url": "https://dis-prod.assetful.loblaw.ca/content/dam/loblaw-companies-limited/creative-assets/pc-optimum/global-list/maple-leaf-red.png", "altText": "", "placement": "LEFT"}}}}}
{"store": "Real Canadian Superstore", "site_slug": "realcanadiansuperstore", "source_url": "/search?search-bar=milk&page=1", "scrape_ts": "2025-12-22T05:05:54.925973Z", "external_id": "21163398_EA", "name": "3.25% Ultrafiltered Homogenized Milk", "brand": "Neilson", "size_text": "1 l, $0.48/100ml", "price": 4.83, "currency": "CAD", "unit_price": 0.48, "unit_price_uom": "100ml", "image_url": "https://digital.loblaws.ca/PCX/21163398_EA/en/1/21163398_en_front_v2_800.png", "category_path": null, "availability": "in_stock", "raw_source": {"type": "next-data", "data": {"index": 43, "promotions": [], "productId": "21163398_EA", "productImage": [{"imageUrl": "https://digital.loblaws.ca/PCX/21163398_EA/en/1/21163398_en_front_v2_1200.png", "thumbnailUrl": "https://digital.loblaws.ca/PCX/21163398_EA/en/1/21163398_en_front_v2_120.png", "smallUrl": "https://digital.loblaws.ca/PCX/21163398_EA/en/1/21163398_en_front_v2_250.png", "mediumUrl": "https://digital.loblaws.ca/PCX/21163398_EA/en/1/21163398_en_front_v2_400.png", "largeUrl": "https://digital.loblaws.ca/PCX/21163398_EA/en/1/21163398_en_front_v2_800.png", "extraLargeUrl": "https://digital.loblaws.ca/PCX/21163398_EA/en/1/21163398_en_front_v2_1200.png", "smallRetinaUrl": "https://digital.loblaws.ca/PCX/21163398_EA/en/1/21163398_en_front_v2_250.png", "mediumRetinaUrl": "https://digital.loblaws.ca/PCX/21163398_EA/en/1/21163398_en_front_v2_400.png", "largeRetinaUrl": "https://digital.loblaws.ca/PCX/21163398_EA/en/1/21163398_en_front_v2_800.png"}], "brand": "Neilson", "title": "3.25% Ultrafiltered Homogenized Milk", "description": "<p>Neilson. Part of your family since 1893.Neilson Ultrafiltered Milk delivers a rich, creamy texture with 18 grams of protein from milk in every 250 mL glass. Made with 100% Canadian milk, it’s processed through a fine filtration system that naturally concentrates protein and reduces lactose. The result is a refreshing drink enriched with milk protein concentrate, offering a nourishing and satisfying experience.</p>", "packageSizing": "1 l, $0.48/100ml", "pricing": {"price": "4.83", "wasPrice": null, "displayPrice": "$4.83", "memberOnlyPrice": null, "mopDisplayPrice": null, "ehfTotal": null, "environmentalHandlingFee": null, "taxInfo": ""}, "pricingUnits": {"type": "SOLD_BY_EACH", "unit": "ea", "interval": 1, "minOrderQuantity": 1, "maxOrderQuantity": 24, "weighted": false}, "deal": null, "mopDeal": null, "pcoDeal": null, "inventoryIndicator": {"indicatorId": "LOW", "text": "Low Stock"}, "offerType": "OG", "offerId": "OG", "action": null, "isVariant": false, "link": "/en/3-25-ultrafiltered-homogenized-milk/p/21163398_EA", "productVendor": null, "productVariant": null, "textBadge": "low-inventory", "variantTheme": null, "articleNumber": "21163398", "uom": "EA", "sponsoredCreative": null, "isSponsored": false, "isComplementarySponsored": false, "complementarySponsoredBadgeText": null, "productBadge": {"badgeId": "PREPARED_IN_CANADA", "badgeClass": "badge11", "text": "Prepared in Canada", "icon": {"url": "https://dis-prod.assetful.loblaw.ca/content/dam/loblaw-companies-limited/creative-assets/pc-optimum/global-list/maple-leaf-red.png", "altText": "", "placement": "LEFT"}}}}}
{"store": "Real Canadian Superstore", "site_slug": "realcanadiansuperstore", "source_url": "/search?search-bar=milk&page=1", "scrape_ts": "2025-12-22T05:05:54.925973Z", "external_id": "21128371_EA", "name": "Chocolate Milk", "brand": "Fairlife", "size_text": "1.5 l, $0.50/100ml", "price": 7.49, "currency": "CAD", "unit_price": 0.5, "unit_price_uom": "100ml", "image_url": "https://digital.loblaws.ca/PCX/21128371_EA/en/1/21128371_en_front_v2_800.png", "category_path": null, "availability": "in_stock", "raw_source": {"type": "next-data", "data": {"index": 44, "promotions": [], "productId": "21128371_EA", "productImage": [{"imageUrl": "https://digital.loblaws.ca/PCX/21128371_EA/en/1/21128371_en_front_v2_1200.png", "thumbnailUrl": "https://digital.loblaws.ca/PCX/21128371_EA/en/1/21128371_en_front_v2_120.png", "smallUrl": "https://digital.loblaws.ca/PCX/21128371_EA/en/1/21128371_en_front_v2_250.png", "mediumUrl": "https://digital.loblaws.ca/PCX/21128371_EA/en/1/21128371_en_front_v2_400.png", "largeUrl": "https://digital.loblaws.ca/PCX/21128371_EA/en/1/21128371_en_front_v2_800.png", "extraLargeUrl": "https://digital.loblaws.ca/PCX/21128371_EA/en/1/21128371_en_front_v2_1200.png", "smallRetinaUrl": "https://digital.loblaws.ca/PCX/21128371_EA/en/1/21128371_en_front_v2_250.png", "mediumRetinaUrl": "https://digital.loblaws.ca/PCX/21128371_EA/en/1/21128371_en_front_v2_400.png", "largeRetinaUrl": "https://digital.loblaws.ca/PCX/21128371_EA/en/1/21128371_en_front_v2_800.png"}], "brand": "Fairlife", "title": "Chocolate Milk", "description": "<p>We are driven by a simple belief: we can always make the world better. Proper nourishment allows us all to grow and thrive. All our milk flows through soft filters to concentrate protein while filtering out half of the natural sugars. Our delicious fairlife ultra-filtered milk has 50% less sugar and 50% more protein than regular chocolate milk. Plus, there are no artificial growth hormones used and it's lactose-free. So sip, drink, and chug as you enjoy our delicious ultra-filtered milk, eh?</p><ul><li>Made with 100% quality Canadian milk</li><li>50% less sugar and 50% more protein than regular chocolate milk</li><li>Delicious, satisfying, and lactose-free</li><li>No artificial growth hormones used</li></ul>", "packageSizing": "1.5 l, $0.50/100ml", "pricing": {"price": "7.49", "wasPrice": null, "displayPrice": "$7.49", "memberOnlyPrice": null, "mopDisplayPrice": null, "ehfTotal": null, "environmentalHandlingFee": null, "taxInfo": ""}, "pricingUnits": {"type": "SOLD_BY_EACH", "unit": "ea", "interval": 1, "minOrderQuantity": 1, "maxOrderQuantity": 24, "weighted": false}, "deal": null, "mopDeal": null, "pcoDeal": null, "inventoryIndicator": null, "offerType": "OG", "offerId": "OG", "action": null, "isVariant": false, "link": "/en/chocolate-milk/p/21128371_EA", "productVendor": null, "productVariant": null, "textBadge": "", "variantTheme": null, "articleNumber": "21128371", "uom": "EA", "sponsoredCreative": null, "isSponsored": false, "isComplementarySponsored": false, "complementarySponsoredBadgeText": null, "productBadge": {"badgeId": "PREPARED_IN_CANADA", "badgeClass": "badge11", "text": "Prepared in Canada", "icon": {"url": "https://dis-prod.assetful.loblaw.ca/content/dam/loblaw-companies-limited/creative-assets/pc-optimum/global-list/maple-leaf-red.png", "altText": "", "placement": "LEFT"}}}}}
{"store": "Real Canadian Superstore", "site_slug": "realcanadiansuperstore", "source_url": "/search?search-bar=milk&page=1", "scrape_ts": "2025-12-22T05:05:54.925973Z", "external_id": "20794060002_EA", "name": "Almond Breeze Almond Milk, Unsweetened Vanilla", "brand": "Blue Diamond", "size_text": "1.89 l, $0.24/100ml", "price": 4.49, "currency": "CAD", "unit_price": 0.24, "unit_price_uom": "100ml", "image_url": "https://digital.loblaws.ca/PCX/20794060002_EA/en/1/4157010916_en_front_centre_marketing_A_1_GS1_Ecommerce_800.png", "category_path": null, "availability": "in_stock", "raw_source": {"type": "next-data", "data": {"index": 45, "promotions": [{"type": "DEAL", "quantity": null, "savings": null, "value": null, "promoCode": "000002808753", "expiryDate": "9999-12-31T00:00:00Z", "title": null, "promoType": null, "pricingMethod": "3", "text": "PC Optimum Points", "reward": "$_FIXED", "callToAction": {"text": "Shop Offer", "url": "/shop-by-promo/000002808753"}}], "productId": "20794060002_EA", "productImage": [{"imageUrl": "https://digital.loblaws.ca/PCX/20794060002_EA/en/1/4157010916_en_front_centre_marketing_A_1_GS1_Ecommerce_1200.png", "thumbnailUrl": "https://digital.loblaws.ca/PCX/20794060002_EA/en/1/4157010916_en_front_centre_marketing_A_1_GS1_Ecommerce_120.png", "smallUrl": "https://digital.loblaws.ca/PCX/20794060002_EA/en/1/4157010916_en_front_centre_marketing_A_1_GS1_Ecommerce_250.png", "mediumUrl": "https://digital.loblaws.ca/PCX/20794060002_EA/en/1/4157010916_en_front_centre_marketing_A_1_GS1_Ecommerce_400.png", "largeUrl": "https://digital.loblaws.ca/PCX/20794060002_EA/en/1/4157010916_en_front_centre_marketing_A_1_GS1_Ecommerce_800.png", "extraLargeUrl": "https://digital.loblaws.ca/PCX/20794060002_EA/en/1/4157010916_en_front_centre_marketing_A_1_GS1_Ecommerce_1200.png", "smallRetinaUrl": "https://digital.loblaws.ca/PCX/20794060002_EA/en/1/4157010916_en_front_centre_marketing_A_1_GS1_Ecommerce_250.png", "mediumRetinaUrl": "https://digital.loblaws.ca/PCX/20794060002_EA/en/1/4157010916_en_front_centre_marketing_A_1_GS1_Ecommerce_400.png", "largeRetinaUrl": "https://digital.loblaws.ca/PCX/20794060002_EA/en/1/4157010916_en_front_centre_marketing_A_1_GS1_Ecommerce_800.png"}], "brand": "Blue Diamond", "title": "Almond Breeze Almond Milk, Unsweetened Vanilla", "description": "Almond Breeze is a delicious way to be good to yourself!.<br><br>From The Almond People", "packageSizing": "1.89 l, $0.24/100ml", "pricing": {"price": "4.49", "wasPrice": null, "displayPrice": "$4.49", "memberOnlyPrice": null, "mopDisplayPrice": null, "ehfTotal": null, "environmentalHandlingFee": null, "taxInfo": ""}, "pricingUnits": {"type": "SOLD_BY_EACH", "unit": "ea", "interval": 1, "minOrderQuantity": 1, "maxOrderQuantity": 24, "weighted": false}, "deal": {"type": "MULTI", "text": "$4.00 MIN 2", "points": 0, "name": "MULTI", "expiryDate": null, "dealPrice": null}, "mopDeal": null, "pcoDeal": null, "inventoryIndicator": null, "offerType": "OG", "offerId": "OG", "action": null, "isVariant": false, "link": "/en/almond-breeze-almond-milk-unsweetened-vanilla/p/20794060002_EA", "productVendor": null, "productVariant": null, "textBadge": "", "variantTheme": null, "articleNumber": "20794060002", "uom": "EA", "sponsoredCreative": null, "isSponsored": false, "isComplementarySponsored": false, "complementarySponsoredBadgeText": null, "productBadge": {"badgeId": "SUBSCRIBE_EARN", "badgeClass": "badge06", "text": "Subscribe & Earn", "icon": null}}}}
{"store": "Real Canadian Superstore", "site_slug": "realcanadiansuperstore", "source_url": "/search?search-bar=milk&page=1", "scrape_ts": "2025-12-22T05:05:54.925973Z", "external_id": "20164009_EA", "name": "1% Microfiltered Milk", "brand": "Neilson", "size_text": "1 l, $0.37/100ml", "price": 3.68, "currency": "CAD", "unit_price": 0.37, "unit_price_uom": "100ml", "image_url": "https://digital.loblaws.ca/PCX/20164009_EA/en/1/20164009_en_front_800.png", "category_path": null, "availability": "in_stock", "raw_source": {"type": "next-data", "data": {"index": 46, "promotions": [], "productId": "20164009_EA", "productImage": [{"imageUrl": "https://digital.loblaws.ca/PCX/20164009_EA/en/1/20164009_en_front_1200.png", "thumbnailUrl": "https://digital.loblaws.ca/PCX/20164009_EA/en/1/20164009_en_front_120.png", "smallUrl": "https://digital.loblaws.ca/PCX/20164009_EA/en/1/20164009_en_front_250.png", "mediumUrl": "https://digital.loblaws.ca/PCX/20164009_EA/en/1/20164009_en_front_400.png", "largeUrl": "https://digital.loblaws.ca/PCX/20164009_EA/en/1/20164009_en_front_800.png", "extraLargeUrl": "https://digital.loblaws.ca/PCX/20164009_EA/en/1/20164009_en_front_1200.png", "smallRetinaUrl": "https://digital.loblaws.ca/PCX/20164009_EA/en/1/20164009_en_front_250.png", "mediumRetinaUrl": "https://digital.loblaws.ca/PCX/20164009_EA/en/1/20164009_en_front_400.png", "largeRetinaUrl": "https://digital.loblaws.ca/PCX/20164009_EA/en/1/20164009_en_front_800.png"}], "brand": "Neilson", "title": "1% Microfiltered Milk", "description": "Fresh, wholesome milk… naturally from Neilson.Since 1893, Neilson has stood for high quality dairy products. Neilson has always been committed to using the best ingredients, people and processes to produce great tasting quality milk you can depend on. Always fresh, always delicious and always an excellent source of calcium, protein and vitamin D.", "packageSizing": "1 l, $0.37/100ml", "pricing": {"price": "3.68", "wasPrice": null, "displayPrice": "$3.68", "memberOnlyPrice": null, "mopDisplayPrice": null, "ehfTotal": null, "environmentalHandlingFee": null, "taxInfo": ""}, "pricingUnits": {"type": "SOLD_BY_EACH", "unit": "ea", "interval": 1, "minOrderQuantity": 1, "maxOrderQuantity": 24, "weighted": false}, "deal": null, "mopDeal": null, "pcoDeal": null, "inventoryIndicator": null, "offerType": "OG", "offerId": "OG", "action": null, "isVariant": false, "link": "/en/1-microfiltered-milk/p/20164009_EA", "productVendor": null, "productVariant": null, "textBadge": "", "variantTheme": null, "articleNumber": "20164009", "uom": "EA", "sponsoredCreative": null, "isSponsored": false, "isComplementarySponsored": false, "complementarySponsoredBadgeText": null, "productBadge": {"badgeId": "PREPARED_IN_CANADA", "badgeClass": "badge11", "text": "Prepared in Canada", "icon": {"url": "https://dis-prod.assetful.loblaw.ca/content/dam/loblaw-companies-limited/creative-assets/pc-optimum/global-list/maple-leaf-red.png", "altText": "", "placement": "LEFT"}}}}}
{"store": "Real Canadian Superstore", "site_slug": "realcanadiansuperstore", "source_url": "/search?search-bar=milk&page=1", "scrape_ts": "2025-12-22T05:05:54.925973Z", "external_id": "21212714_EA", "name": "Grass Fed 3.8% Milk", "brand": "Rolling Meadow", "size_text": "2 l, $0.42/100ml", "price": 8.49, "currency": "CAD", "unit_price": 0.42, "unit_price_uom": "100ml", "image_url": "https://digital.loblaws.ca/PCX/21212714_EA/en/1/6232580038_en_front_centre_marketing_GS1_Ecommerce_800.png", "category_path": null, "availability": "in_stock", "raw_source": {"type": "next-data", "data": {"index": 47, "promotions": [], "productId": "21212714_EA", "productImage": [{"imageUrl": "https://digital.loblaws.ca/PCX/21212714_EA/en/1/6232580038_en_front_centre_marketing_GS1_Ecommerce_1200.png", "thumbnailUrl": "https://digital.loblaws.ca/PCX/21212714_EA/en/1/6232580038_en_front_centre_marketing_GS1_Ecommerce_120.png", "smallUrl": "https://digital.loblaws.ca/PCX/21212714_EA/en/1/6232580038_en_front_centre_marketing_GS1_Ecommerce_250.png", "mediumUrl": "https://digital.loblaws.ca/PCX/21212714_EA/en/1/6232580038_en_front_centre_marketing_GS1_Ecommerce_400.png", "largeUrl": "https://digital.loblaws.ca/PCX/21212714_EA/en/1/6232580038_en_front_centre_marketing_GS1_Ecommerce_800.png", "extraLargeUrl": "https://digital.loblaws.ca/PCX/21212714_EA/en/1/6232580038_en_front_centre_marketing_GS1_Ecommerce_1200.png", "smallRetinaUrl": "https://digital.loblaws.ca/PCX/21212714_EA/en/1/6232580038_en_front_centre_marketing_GS1_Ecommerce_250.png", "mediumRetinaUrl": "https://digital.loblaws.ca/PCX/21212714_EA/en/1/6232580038_en_front_centre_marketing_GS1_Ecommerce_400.png", "largeRetinaUrl": "https://digital.loblaws.ca/PCX/21212714_EA/en/1/6232580038_en_front_centre_marketing_GS1_Ecommerce_800.png"}], "brand": "Rolling Meadow", "title": "Grass Fed 3.8% Milk", "description": "Elevate your daily routine with Grass Fed 3. 8 % Milk from Rolling Meadow. Make a creamy morning coffee or whip up a comforting homemade pudding, all while enjoying the rich texture and flavour. This milk promises to be a great addition to your kitchen staples, perfect for various everyday recipes.", "packageSizing": "2 l, $0.42/100ml", "pricing": {"price": "8.49", "wasPrice": null, "displayPrice": "$8.49", "memberOnlyPrice": null, "mopDisplayPrice": null, "ehfTotal": null, "environmentalHandlingFee": null, "taxInfo": ""}, "pricingUnits": {"type": "SOLD_BY_EACH", "unit": "ea", "interval": 1, "minOrderQuantity": 1, "maxOrderQuantity": 24, "weighted": false}, "deal": null, "mopDeal": null, "pcoDeal": null, "inventoryIndicator": null, "offerType": "OG", "offerId": "OG", "action": null, "isVariant": false, "link": "/en/grass-fed-3-8-milk/p/21212714_EA", "productVendor": null, "productVariant": null, "textBadge": "", "variantTheme": null, "articleNumber": "21212714", "uom": "EA", "sponsoredCreative": null, "isSponsored": false, "isComplementarySponsored": false, "complementarySponsoredBadgeText": null, "productBadge": {"badgeId": "PREPARED_IN_CANADA", "badgeClass": "badge11", "text": "Prepared in Canada", "icon": {"url": "https://dis-prod.assetful.loblaw.ca/content/dam/loblaw-companies-limited/creative-assets/pc-optimum/global-list/maple-leaf-red.png", "altText": "", "placement": "LEFT"}}}}}
{"store": "Real Canadian Superstore", "site_slug": "realcanadiansuperstore", "source_url": "/search?search-bar=milk&page=1", "scrape_ts": "2025-12-22T05:05:54.925973Z", "external_id": "20896887_EA", "name": "Evaporated Milk", "brand": "Carnation", "size_text": "354 ml, $0.73/100ml", "price": 2.59, "currency": "CAD", "unit_price": 0.73, "unit_price_uom": "100ml", "image_url": "https://digital.loblaws.ca/PCX/20896887_EA/en/1/5900000311_en_front_centre_marketing_GS1_Ecommerce_800.png", "category_path": null, "availability": "in_stock", "raw_source": {"type": "next-data", "data": {"index": 48, "promotions": [], "productId": "20896887_EA", "productImage": [{"imageUrl": "https://digital.loblaws.ca/PCX/20896887_EA/en/1/5900000311_en_front_centre_marketing_GS1_Ecommerce_1200.png", "thumbnailUrl": "https://digital.loblaws.ca/PCX/20896887_EA/en/1/5900000311_en_front_centre_marketing_GS1_Ecommerce_120.png", "smallUrl": "https://digital.loblaws.ca/PCX/20896887_EA/en/1/5900000311_en_front_centre_marketing_GS1_Ecommerce_250.png", "mediumUrl": "https://digital.loblaws.ca/PCX/20896887_EA/en/1/5900000311_en_front_centre_marketing_GS1_Ecommerce_400.png", "largeUrl": "https://digital.loblaws.ca/PCX/20896887_EA/en/1/5900000311_en_front_centre_marketing_GS1_Ecommerce_800.png", "extraLargeUrl": "https://digital.loblaws.ca/PCX/20896887_EA/en/1/5900000311_en_front_centre_marketing_GS1_Ecommerce_1200.png", "smallRetinaUrl": "https://digital.loblaws.ca/PCX/20896887_EA/en/1/5900000311_en_front_centre_marketing_GS1_Ecommerce_250.png", "mediumRetinaUrl": "https://digital.loblaws.ca/PCX/20896887_EA/en/1/5900000311_en_front_centre_marketing_GS1_Ecommerce_400.png", "largeRetinaUrl": "https://digital.loblaws.ca/PCX/20896887_EA/en/1/5900000311_en_front_centre_marketing_GS1_Ecommerce_800.png"}], "brand": "Carnation", "title": "Evaporated Milk", "description": "Carnation Evaporated Milk is a shelf stable milk that is richer and creamier than milk because some of the water has been removed. With a slight carmelized flavour, it's a easy and delicious ingredient to bake and cook with.", "packageSizing": "354 ml, $0.73/100ml", "pricing": {"price": "2.59", "wasPrice": "$2.79", "displayPrice": "$2.59", "memberOnlyPrice": null, "mopDisplayPrice": null, "ehfTotal": null, "environmentalHandlingFee": null, "taxInfo": ""}, "pricingUnits": {"type": "SOLD_BY_EACH", "unit": "ea", "interval": 1, "minOrderQuantity": 1, "maxOrderQuantity": 24, "weighted": false}, "deal": {"type": "SALE", "text": "SAVE $0.20", "points": 0, "name": "SALE", "expiryDate": "2025-12-24T00:00:00Z", "dealPrice": null}, "mopDeal": null, "pcoDeal": null, "inventoryIndicator": null, "offerType": "OG", "offerId": "OG", "action": null, "isVariant": false, "link": "/en/evaporated-milk/p/20896887_EA", "productVendor": null, "productVariant": null, "textBadge": "", "variantTheme": null, "articleNumber": "20896887", "uom": "EA", "sponsoredCreative": null, "isSponsored": false, "isComplementarySponsored": false, "complementarySponsoredBadgeText": null, "productBadge": {"badgeId": "PREPARED_IN_CANADA", "badgeClass": "badge11", "text": "Prepared in Canada", "icon": {"url": "https://dis-prod.assetful.loblaw.ca/content/dam/loblaw-companies-limited/creative-assets/pc-optimum/global-list/maple-leaf-red.png", "altText": "", "placement": "LEFT"}}}}}
{"store": "Real Canadian Superstore", "site_slug": "realcanadiansuperstore", "source_url": "/search?search-bar=milk&page=1", "scrape_ts": "2025-12-22T05:05:54.925973Z", "external_id": "20774113_EA", "name": "2% Milk", "brand": "Neilson", "size_text": "473 ml, $0.56/100ml", "price": 2.63, "currency": "CAD", "unit_price": 0.56, "unit_price_uom": "100ml", "image_url": "https://digital.loblaws.ca/PCX/20774113_EA/en/1/20774113_en_front_800.png", "category_path": null, "availability": "in_stock", "raw_source": {"type": "next-data", "data": {"index": 49, "promotions": [], "productId": "20774113_EA", "productImage": [{"imageUrl": "https://digital.loblaws.ca/PCX/20774113_EA/en/1/20774113_en_front_1200.png", "thumbnailUrl": "https://digital.loblaws.ca/PCX/20774113_EA/en/1/20774113_en_front_120.png", "smallUrl": "https://digital.loblaws.ca/PCX/20774113_EA/en/1/20774113_en_front_250.png", "mediumUrl": "https://digital.loblaws.ca/PCX/20774113_EA/en/1/20774113_en_front_400.png", "largeUrl": "https://digital.loblaws.ca/PCX/20774113_EA/en/1/20774113_en_front_800.png", "extraLargeUrl": "https://digital.loblaws.ca/PCX/20774113_EA/en/1/20774113_en_front_1200.png", "smallRetinaUrl": "https://digital.loblaws.ca/PCX/20774113_EA/en/1/20774113_en_front_250.png", "mediumRetinaUrl": "https://digital.loblaws.ca/PCX/20774113_EA/en/1/20774113_en_front_400.png", "largeRetinaUrl": "https://digital.loblaws.ca/PCX/20774113_EA/en/1/20774113_en_front_800.png"}], "brand": "Neilson", "title": "2% Milk", "description": "Fresh, wholesome milk… naturally from Neilson.Since 1893, Neilson has stood for high quality dairy products. Neilson has always been committed to using the best ingredients, people and processes to produce great tasting quality milk you can depend on. Always fresh, always delicious and always an excellent source of calcium, protein and vitamin D.", "packageSizing": "473 ml, $0.56/100ml", "pricing": {"price": "2.63", "wasPrice": null, "displayPrice": "$2.63", "memberOnlyPrice": null, "mopDisplayPrice": null, "ehfTotal": null, "environmentalHandlingFee": null, "taxInfo": ""}, "pricingUnits": {"type": "SOLD_BY_EACH", "unit": "ea", "interval": 1, "minOrderQuantity": 1, "maxOrderQuantity": 24, "weighted": false}, "deal": null, "mopDeal": null, "pcoDeal": null, "inventoryIndicator": null, "offerType": "OG", "offerId": "OG", "action": null, "isVariant": false, "link": "/en/2-milk/p/20774113_EA", "productVendor": null, "productVariant": null, "textBadge": "", "variantTheme": null, "articleNumber": "20774113", "uom": "EA", "sponsoredCreative": null, "isSponsored": false, "isComplementarySponsored": false, "complementarySponsoredBadgeText": null, "productBadge": {"badgeId": "PREPARED_IN_CANADA", "badgeClass": "badge11", "text": "Prepared in Canada", "icon": {"url": "https://dis-prod.assetful.loblaw.ca/content/dam/loblaw-companies-limited/creative-assets/pc-optimum/global-list/maple-leaf-red.png", "altText": "", "placement": "LEFT"}}}}}
{"store": "Real Canadian Superstore", "site_slug": "realcanadiansuperstore", "source_url": "/search?search-bar=milk&page=1", "scrape_ts": "2025-12-22T05:05:54.925973Z", "external_id": "21065263_EA", "name": "1% Chocolate Partly Skimmed Milk", "brand": "Milk 2 Go", "size_text": "6x200.0 ml, $540.83/100ml", "price": 6.49, "currency": "CAD", "unit_price": 540.83, "unit_price_uom": "100ml", "image_url": "https://digital.loblaws.ca/PCX/21065263_EA/en/1/21065263_en_front_v1_800.png", "category_path": null, "availability": "in_stock", "raw_source": {"type": "next-data", "data": {"index": 50, "promotions": [], "productId": "21065263_EA", "productImage": [{"imageUrl": "https://digital.loblaws.ca/PCX/21065263_EA/en/1/21065263_en_front_v1_1200.png", "thumbnailUrl": "https://digital.loblaws.ca/PCX/21065263_EA/en/1/21065263_en_front_v1_120.png", "smallUrl": "https://digital.loblaws.ca/PCX/21065263_EA/en/1/21065263_en_front_v1_250.png", "mediumUrl": "https://digital.loblaws.ca/PCX/21065263_EA/en/1/21065263_en_front_v1_400.png", "largeUrl": "https://digital.loblaws.ca/PCX/21065263_EA/en/1/21065263_en_front_v1_800.png", "extraLargeUrl": "https://digital.loblaws.ca/PCX/21065263_EA/en/1/21065263_en_front_v1_1200.png", "smallRetinaUrl": "https://digital.loblaws.ca/PCX/21065263_EA/en/1/21065263_en_front_v1_250.png", "mediumRetinaUrl": "https://digital.loblaws.ca/PCX/21065263_EA/en/1/21065263_en_front_v1_400.png", "largeRetinaUrl": "https://digital.loblaws.ca/PCX/21065263_EA/en/1/21065263_en_front_v1_800.png"}], "brand": "Milk 2 Go", "title": "1% Chocolate Partly Skimmed Milk", "description": "This Milk2Go chocolate flavoured milk will redefine your idea of chocolate milk and the amount of deliciousness that can fit inside a bottle. Milk2Go is the right balance of fun and convenience. We are committed to providing nutritious, delicious, Canadian-produced milk with no preservatives. Milk2Go, the perfect on the go snack for everyone. ", "packageSizing": "6x200.0 ml, $540.83/100ml", "pricing": {"price": "6.49", "wasPrice": null, "displayPrice": "$6.49", "memberOnlyPrice": null, "mopDisplayPrice": null, "ehfTotal": null, "environmentalHandlingFee": null, "taxInfo": ""}, "pricingUnits": {"type": "SOLD_BY_EACH", "unit": "ea", "interval": 1, "minOrderQuantity": 1, "maxOrderQuantity": 24, "weighted": false}, "deal": null, "mopDeal": null, "pcoDeal": null, "inventoryIndicator": null, "offerType": "OG", "offerId": "OG", "action": null, "isVariant": false, "link": "/en/1-chocolate-partly-skimmed-milk/p/21065263_EA", "productVendor": null, "productVariant": null, "textBadge": "", "variantTheme": null, "articleNumber": "21065263", "uom": "EA", "sponsoredCreative": null, "isSponsored": false, "isComplementarySponsored": false, "complementarySponsoredBadgeText": null, "productBadge": {"badgeId": "PREPARED_IN_CANADA", "badgeClass": "badge11", "text": "Prepared in Canada", "icon": {"url": "https://dis-prod.assetful.loblaw.ca/content/dam/loblaw-companies-limited/creative-assets/pc-optimum/global-list/maple-leaf-red.png", "altText": "", "placement": "LEFT"}}}}}
{"store": "Real Canadian Superstore", "site_slug": "realcanadiansuperstore", "source_url": "/search?search-bar=milk&page=1", "scrape_ts": "2025-12-22T05:05:54.925973Z", "external_id": "21040510_EA", "name": "Evaporated Milk", "brand": "No Name", "size_text": "354 ml, $0.51/100ml", "price": 1.79, "currency": "CAD", "unit_price": 0.51, "unit_price_uom": "100ml", "image_url": "https://digital.loblaws.ca/PCX/21040510_EA/en/1/21040510_en_front_800.png", "category_path": null, "availability": "in_stock", "raw_source": {"type": "next-data", "data": {"index": 51, "promotions": [], "productId": "21040510_EA", "productImage": [{"imageUrl": "https://digital.loblaws.ca/PCX/21040510_EA/en/1/21040510_en_front_1200.png", "thumbnailUrl": "https://digital.loblaws.ca/PCX/21040510_EA/en/1/21040510_en_front_120.png", "smallUrl": "https://digital.loblaws.ca/PCX/21040510_EA/en/1/21040510_en_front_250.png", "mediumUrl": "https://digital.loblaws.ca/PCX/21040510_EA/en/1/21040510_en_front_400.png", "largeUrl": "https://digital.loblaws.ca/PCX/21040510_EA/en/1/21040510_en_front_800.png", "extraLargeUrl": "https://digital.loblaws.ca/PCX/21040510_EA/en/1/21040510_en_front_1200.png", "smallRetinaUrl": "https://digital.loblaws.ca/PCX/21040510_EA/en/1/21040510_en_front_250.png", "mediumRetinaUrl": "https://digital.loblaws.ca/PCX/21040510_EA/en/1/21040510_en_front_400.png", "largeRetinaUrl": "https://digital.loblaws.ca/PCX/21040510_EA/en/1/21040510_en_front_800.png"}], "brand": "No Name", "title": "Evaporated Milk", "description": "<p>Evaporated Milk gives body to smoothies or thickens up your soups and chowders. With vitamins C and D added, it adds creaminess and richness to your favourite meals or dessert recipes.</p><p></p><p>The †Simple Check™ symbol appears on no name® products made without 10 ingredients such as synthetic colours*, artificial flavours and artificial sweeteners. *As defined in Canadian regulations. To learn more visit noname.ca/simplecheck</p>", "packageSizing": "354 ml, $0.51/100ml", "pricing": {"price": "1.79", "wasPrice": "$1.99", "displayPrice": "$1.79", "memberOnlyPrice": null, "mopDisplayPrice": null, "ehfTotal": null, "environmentalHandlingFee": null, "taxInfo": ""}, "pricingUnits": {"type": "SOLD_BY_EACH", "unit": "ea", "interval": 1, "minOrderQuantity": 1, "maxOrderQuantity": 24, "weighted": false}, "deal": {"type": "SALE", "text": "SAVE $0.20", "points": 0, "name": "SALE", "expiryDate": "2025-12-31T00:00:00Z", "dealPrice": null}, "mopDeal": null, "pcoDeal": null, "inventoryIndicator": null, "offerType": "OG", "offerId": "OG", "action": null, "isVariant": false, "link": "/en/evaporated-milk/p/21040510_EA", "productVendor": null, "productVariant": null, "textBadge": "", "variantTheme": null, "articleNumber": "21040510", "uom": "EA", "sponsoredCreative": null, "isSponsored": false, "isComplementarySponsored": false, "complementarySponsoredBadgeText": null, "productBadge": {"badgeId": "PREPARED_IN_CANADA", "badgeClass": "badge11", "text": "Prepared in Canada", "icon": {"url": "https://dis-prod.assetful.loblaw.ca/content/dam/loblaw-companies-limited/creative-assets/pc-optimum/global-list/maple-leaf-red.png", "altText": "", "placement": "LEFT"}}}}}
{"store": "Real Canadian Superstore", "site_slug": "realcanadiansuperstore", "source_url": "/search?search-bar=milk&page=1", "scrape_ts": "2025-12-22T05:05:54.925973Z", "external_id": "20058742_EA", "name": "0% Microfiltered Milk", "brand": "Neilson", "size_text": "2 l, $0.28/100ml", "price": 5.69, "currency": "CAD", "unit_price": 0.28, "unit_price_uom": "100ml", "image_url": "https://digital.loblaws.ca/PCX/20058742_EA/en/1/20058742_en_front_v1_800.png", "category_path": null, "availability": "in_stock", "raw_source": {"type": "next-data", "data": {"index": 52, "promotions": [], "productId": "20058742_EA", "productImage": [{"imageUrl": "https://digital.loblaws.ca/PCX/20058742_EA/en/1/20058742_en_front_v1_1200.png", "thumbnailUrl": "https://digital.loblaws.ca/PCX/20058742_EA/en/1/20058742_en_front_v1_120.png", "smallUrl": "https://digital.loblaws.ca/PCX/20058742_EA/en/1/20058742_en_front_v1_250.png", "mediumUrl": "https://digital.loblaws.ca/PCX/20058742_EA/en/1/20058742_en_front_v1_400.png", "largeUrl": "https://digital.loblaws.ca/PCX/20058742_EA/en/1/20058742_en_front_v1_800.png", "extraLargeUrl": "https://digital.loblaws.ca/PCX/20058742_EA/en/1/20058742_en_front_v1_1200.png", "smallRetinaUrl": "https://digital.loblaws.ca/PCX/20058742_EA/en/1/20058742_en_front_v1_250.png", "mediumRetinaUrl": "https://digital.loblaws.ca/PCX/20058742_EA/en/1/20058742_en_front_v1_400.png", "largeRetinaUrl": "https://digital.loblaws.ca/PCX/20058742_EA/en/1/20058742_en_front_v1_800.png"}], "brand": "Neilson", "title": "0% Microfiltered Milk", "description": "Fresh, wholesome milk… naturally from Neilson.Since 1893, Neilson has stood for high quality dairy products. Neilson has always been committed to using the best ingredients, people and processes to produce great tasting quality milk you can depend on. Always fresh, always delicious and always an excellent source of calcium, protein and vitamin D.", "packageSizing": "2 l, $0.28/100ml", "pricing": {"price": "5.69", "wasPrice": null, "displayPrice": "$5.69", "memberOnlyPrice": null, "mopDisplayPrice": null, "ehfTotal": null, "environmentalHandlingFee": null, "taxInfo": ""}, "pricingUnits": {"type": "SOLD_BY_EACH", "unit": "ea", "interval": 1, "minOrderQuantity": 1, "maxOrderQuantity": 24, "weighted": false}, "deal": null, "mopDeal": null, "pcoDeal": null, "inventoryIndicator": null, "offerType": "OG", "offerId": "OG", "action": null, "isVariant": false, "link": "/en/0-microfiltered-milk/p/20058742_EA", "productVendor": null, "productVariant": null, "textBadge": "", "variantTheme": null, "articleNumber": "20058742", "uom": "EA", "sponsoredCreative": null, "isSponsored": false, "isComplementarySponsored": false, "complementarySponsoredBadgeText": null, "productBadge": {"badgeId": "PREPARED_IN_CANADA", "badgeClass": "badge11", "text": "Prepared in Canada", "icon": {"url": "https://dis-prod.assetful.loblaw.ca/content/dam/loblaw-companies-limited/creative-assets/pc-optimum/global-list/maple-leaf-red.png", "altText": "", "placement": "LEFT"}}}}}
{"store": "Real Canadian Superstore", "site_slug": "realcanadiansuperstore", "source_url": "/search?search-bar=milk&page=1", "scrape_ts": "2025-12-22T05:05:54.925973Z", "external_id": "20328231002_EA", "name": "Almond Milk Alternative, Unsweetened, Dairy Free", "brand": "Silk", "size_text": "1.89 l, $0.25/100ml", "price": 4.79, "currency": "CAD", "unit_price": 0.25, "unit_price_uom": "100ml", "image_url": "https://digital.loblaws.ca/PCX/20328231002_EA/en/1/20328231002_en_front_800.png", "category_path": null, "availability": "in_stock", "raw_source": {"type": "next-data", "data": {"index": 53, "promotions": [{"type": "DEAL", "quantity": null, "savings": null, "value": null, "promoCode": "000002787535", "expiryDate": "9999-12-31T00:00:00Z", "title": null, "promoType": null, "pricingMethod": "3", "text": "PC Optimum Points", "reward": "$_FIXED", "callToAction": {"text": "Shop Offer", "url": "/shop-by-promo/000002787535"}}], "productId": "20328231002_EA", "productImage": [{"imageUrl": "https://digital.loblaws.ca/PCX/20328231002_EA/en/1/20328231002_en_front_1200.png", "thumbnailUrl": "https://digital.loblaws.ca/PCX/20328231002_EA/en/1/20328231002_en_front_120.png", "smallUrl": "https://digital.loblaws.ca/PCX/20328231002_EA/en/1/20328231002_en_front_250.png", "mediumUrl": "https://digital.loblaws.ca/PCX/20328231002_EA/en/1/20328231002_en_front_400.png", "largeUrl": "https://digital.loblaws.ca/PCX/20328231002_EA/en/1/20328231002_en_front_800.png", "extraLargeUrl": "https://digital.loblaws.ca/PCX/20328231002_EA/en/1/20328231002_en_front_1200.png", "smallRetinaUrl": "https://digital.loblaws.ca/PCX/20328231002_EA/en/1/20328231002_en_front_250.png", "mediumRetinaUrl": "https://digital.loblaws.ca/PCX/20328231002_EA/en/1/20328231002_en_front_400.png", "largeRetinaUrl": "https://digital.loblaws.ca/PCX/20328231002_EA/en/1/20328231002_en_front_800.png"}], "brand": "Silk", "title": "Almond Milk Alternative, Unsweetened, Dairy Free", "description": "<p>Oh, yes, it is… a mere 30 calories per serving. Enjoy the goodness of Silk® Zero Sugar Original Almond Beverage for less than half the calories of skim milk. Over cereal, in recipes and more, you won’t miss the sugar, and you’ll be delighted by the taste.*Voted most trusted Almond Plant-Based Beverage by Canadian shoppers based on the 2024 BrandSpark® Canadian Trust Study.</p><ul><li>Vegan</li><li>Dairy free</li><li>Absolutely no cholesterol or saturated fat</li><li>Verified by the Non-GMO Project’s product verification program</li><li>No artificial colours, flavors or funny business</li></ul>", "packageSizing": "1.89 l, $0.25/100ml", "pricing": {"price": "4.79", "wasPrice": null, "displayPrice": "$4.79", "memberOnlyPrice": null, "mopDisplayPrice": null, "ehfTotal": null, "environmentalHandlingFee": null, "taxInfo": ""}, "pricingUnits": {"type": "SOLD_BY_EACH", "unit": "ea", "interval": 1, "minOrderQuantity": 1, "maxOrderQuantity": 24, "weighted": false}, "deal": {"type": "MULTI", "text": "$4.00 MIN 2", "points": 0, "name": "MULTI", "expiryDate": null, "dealPrice": null}, "mopDeal": null, "pcoDeal": null, "inventoryIndicator": null, "offerType": "OG", "offerId": "OG", "action": null, "isVariant": false, "link": "/en/almond-milk-alternative-unsweetened-dairy-free/p/20328231002_EA", "productVendor": null, "productVariant": null, "textBadge": "", "variantTheme": null, "articleNumber": "20328231002", "uom": "EA", "sponsoredCreative": null, "isSponsored": false, "isComplementarySponsored": false, "complementarySponsoredBadgeText": null, "productBadge": {"badgeId": "SUBSCRIBE_EARN", "badgeClass": "badge06", "text": "Subscribe & Earn", "icon": null}}}}
{"store": "Real Canadian Superstore", "site_slug": "realcanadiansuperstore", "source_url": "/search?search-bar=milk&page=1", "scrape_ts": "2025-12-22T05:05:54.925973Z", "external_id": "20107219003_EA", "name": "Almond Breeze, Original", "brand": "Blue Diamond", "size_text": "946 ml, $0.32/100ml", "price": 2.99, "currency": "CAD", "unit_price": 0.32, "unit_price_uom": "100ml", "image_url": "https://digital.loblaws.ca/PCX/20107219003_EA/en/1/4157005272_en_front_centre_marketing_A_1_GS1_Ecommerce_800.png", "category_path": null, "availability": "in_stock", "raw_source": {"type": "next-data", "data": {"index": 54, "promotions": [], "productId": "20107219003_EA", "productImage": [{"imageUrl": "https://digital.loblaws.ca/PCX/20107219003_EA/en/1/4157005272_en_front_centre_marketing_A_1_GS1_Ecommerce_1200.png", "thumbnailUrl": "https://digital.loblaws.ca/PCX/20107219003_EA/en/1/4157005272_en_front_centre_marketing_A_1_GS1_Ecommerce_120.png", "smallUrl": "https://digital.loblaws.ca/PCX/20107219003_EA/en/1/4157005272_en_front_centre_marketing_A_1_GS1_Ecommerce_250.png", "mediumUrl": "https://digital.loblaws.ca/PCX/20107219003_EA/en/1/4157005272_en_front_centre_marketing_A_1_GS1_Ecommerce_400.png", "largeUrl": "https://digital.loblaws.ca/PCX/20107219003_EA/en/1/4157005272_en_front_centre_marketing_A_1_GS1_Ecommerce_800.png", "extraLargeUrl": "https://digital.loblaws.ca/PCX/20107219003_EA/en/1/4157005272_en_front_centre_marketing_A_1_GS1_Ecommerce_1200.png", "smallRetinaUrl": "https://digital.loblaws.ca/PCX/20107219003_EA/en/1/4157005272_en_front_centre_marketing_A_1_GS1_Ecommerce_250.png", "mediumRetinaUrl": "https://digital.loblaws.ca/PCX/20107219003_EA/en/1/4157005272_en_front_centre_marketing_A_1_GS1_Ecommerce_400.png", "largeRetinaUrl": "https://digital.loblaws.ca/PCX/20107219003_EA/en/1/4157005272_en_front_centre_marketing_A_1_GS1_Ecommerce_800.png"}], "brand": "Blue Diamond", "title": "Almond Breeze, Original", "description": "Almond Breeze is a great tasting, no-dairy beverage. It is rich and creamy with a pleasant aftertaste.<br><br>Delicious tasting Almond Brezze.<br><br>Blue Diamond has been producing almonds since 1910. No one knows them, or loves them, like we do. Our 3000 plus growers are dedicated to producing delicious tasting and nutritious almonds for Almond Breeze..<br><br>From the Almond People", "packageSizing": "946 ml, $0.32/100ml", "pricing": {"price": "2.99", "wasPrice": "$3.49", "displayPrice": "$2.99", "memberOnlyPrice": null, "mopDisplayPrice": null, "ehfTotal": null, "environmentalHandlingFee": null, "taxInfo": ""}, "pricingUnits": {"type": "SOLD_BY_EACH", "unit": "ea", "interval": 1, "minOrderQuantity": 1, "maxOrderQuantity": 24, "weighted": false}, "deal": {"type": "SALE", "text": "SAVE $0.50", "points": 0, "name": "SALE", "expiryDate": "2025-12-31T00:00:00Z", "dealPrice": null}, "mopDeal": null, "pcoDeal": null, "inventoryIndicator": null, "offerType": "OG", "offerId": "OG", "action": null, "isVariant": false, "link": "/en/almond-breeze-original/p/20107219003_EA", "productVendor": null, "productVariant": null, "textBadge": "", "variantTheme": null, "articleNumber": "20107219003", "uom": "EA", "sponsoredCreative": null, "isSponsored": false, "isComplementarySponsored": false, "complementarySponsoredBadgeText": null, "productBadge": {"badgeId": "SUBSCRIBE_EARN", "badgeClass": "badge06", "text": "Subscribe & Earn", "icon": null}}}}
{"store": "Real Canadian Superstore", "site_slug": "realcanadiansuperstore", "source_url": "/search?search-bar=milk&page=1", "scrape_ts": "2025-12-22T05:05:54.925973Z", "external_id": "21554369_EA", "name": "2% Protein Milk Beverage", "brand": "Neilson", "size_text": "1.89 l, $0.39/100ml", "price": 7.43, "currency": "CAD", "unit_price": 0.39, "unit_price_uom": "100ml", "image_url": "https://digital.loblaws.ca/PCX/21554369_EA/en/1/21554369_en_front_800.png", "category_path": null, "availability": "out_of_stock", "raw_source": {"type": "next-data", "data": {"index": 55, "promotions": [], "productId": "21554369_EA", "productImage": [{"imageUrl": "https://digital.loblaws.ca/PCX/21554369_EA/en/1/21554369_en_front_1200.png", "thumbnailUrl": "https://digital.loblaws.ca/PCX/21554369_EA/en/1/21554369_en_front_120.png", "smallUrl": "https://digital.loblaws.ca/PCX/21554369_EA/en/1/21554369_en_front_250.png", "mediumUrl": "https://digital.loblaws.ca/PCX/21554369_EA/en/1/21554369_en_front_400.png", "largeUrl": "https://digital.loblaws.ca/PCX/21554369_EA/en/1/21554369_en_front_800.png", "extraLargeUrl": "https://digital.loblaws.ca/PCX/21554369_EA/en/1/21554369_en_front_1200.png", "smallRetinaUrl": "https://digital.loblaws.ca/PCX/21554369_EA/en/1/21554369_en_front_250.png", "mediumRetinaUrl": "https://digital.loblaws.ca/PCX/21554369_EA/en/1/21554369_en_front_400.png", "largeRetinaUrl": "https://digital.loblaws.ca/PCX/21554369_EA/en/1/21554369_en_front_800.png"}], "brand": "Neilson", "title": "2% Protein Milk Beverage", "description": "Fill up with 18goodnessWait until you taste our Neilson product providing 18 g of protein per 250 mL serving!It is a source of 9 essential nutrients and has no added sugar. It is made with Canadian Milk for a fresh taste! So you can pair it with a sweet treat, guilt-free! Neilson 2% Dairy Protein Beverage provides 18 g of protein (2X more protein than regular milk), is a source of essential nutrients and has no added sugar. It is made with Canadian milk for a fresh taste! Lactose Free.", "packageSizing": "1.89 l, $0.39/100ml", "pricing": {"price": "7.43", "wasPrice": null, "displayPrice": "$7.43", "memberOnlyPrice": null, "mopDisplayPrice": null, "ehfTotal": null, "environmentalHandlingFee": null, "taxInfo": ""}, "pricingUnits": {"type": "SOLD_BY_EACH", "unit": "ea", "interval": 1, "minOrderQuantity": 1, "maxOrderQuantity": 24, "weighted": false}, "deal": null, "mopDeal": null, "pcoDeal": null, "inventoryIndicator": {"indicatorId": "OUT", "text": "Out of Stock"}, "offerType": "OG", "offerId": "OG", "action": null, "isVariant": false, "link": "/en/2-protein-milk-beverage/p/21554369_EA", "productVendor": null, "productVariant": null, "textBadge": "out-of-stock", "variantTheme": null, "articleNumber": "21554369", "uom": "EA", "sponsoredCreative": null, "isSponsored": false, "isComplementarySponsored": false, "complementarySponsoredBadgeText": null, "productBadge": {"badgeId": "PREPARED_IN_CANADA", "badgeClass": "badge11", "text": "Prepared in Canada", "icon": {"url": "https://dis-prod.assetful.loblaw.ca/content/dam/loblaw-companies-limited/creative-assets/pc-optimum/global-list/maple-leaf-red.png", "altText": "", "placement": "LEFT"}}}}}
