{"store": "Real Canadian Superstore", "site_slug": "realcanadiansuperstore", "source_url": "/search?search-bar=milk&page=1", "scrape_ts": "2026-01-02T05:17:50.959803Z", "external_id": "20148677_EA", "name": "2% Microfiltered Milk", "brand": "Neilson", "size_text": "4 l, $0.17/100ml", "price": 6.88, "currency": "CAD", "unit_price": 0.17, "unit_price_uom": "100ml", "image_url": "https://digital.loblaws.ca/PCX/20148677_EA/en/1/20148677_en_front_v1_800.png", "category_path": null, "availability": "in_stock", "query_category": "milk", "raw_source": {"type": "next-data", "data": {"index": 1, "promotions": [], "productId": "20148677_EA", "productImage": [{"imageUrl": "https://digital.loblaws.ca/PCX/20148677_EA/en/1/20148677_en_front_v1_1200.png", "thumbnailUrl": "https://digital.loblaws.ca/PCX/20148677_EA/en/1/20148677_en_front_v1_120.png", "smallUrl": "https://digital.loblaws.ca/PCX/20148677_EA/en/1/20148677_en_front_v1_250.png", "mediumUrl": "https://digital.loblaws.ca/PCX/20148677_EA/en/1/20148677_en_front_v1_400.png", "largeUrl": "https://digital.loblaws.ca/PCX/20148677_EA/en/1/20148677_en_front_v1_800.png", "extraLargeUrl": "https://digital.loblaws.ca/PCX/20148677_EA/en/1/20148677_en_front_v1_1200.png", "smallRetinaUrl": "https://digital.loblaws.ca/PCX/20148677_EA/en/1/20148677_en_front_v1_250.png", "mediumRetinaUrl": "https://digital.loblaws.ca/PCX/20148677_EA/en/1/20148677_en_front_v1_400.png", "largeRetinaUrl": "https://digital.loblaws.ca/PCX/20148677_EA/en/1/20148677_en_front_v1_800.png"}], "brand": "Neilson", "title": "2% Microfiltered Milk", "description": "Fresh, wholesome milk… naturally from Neilson.Since 1893, Neilson has stood for high quality dairy products. Neilson has always been committed to using the best ingredients, people and processes to produce great tasting quality milk you can depend on. Always fresh, always delicious and always an excellent source of calcium, protein and vitamin D.", "packageSizing": "4 l, $0.17/100ml", "pricing": {"price": "6.88", "wasPrice": null, "displayPrice": "$6.88", "memberOnlyPrice": null, "mopDisplayPrice": null, "ehfTotal": null, "environmentalHandlingFee": null, "taxInfo": ""}, "pricingUnits": {"type": "SOLD_BY_EACH", "unit": "ea", "interval": 1, "minOrderQuantity": 1, "maxOrderQuantity": 24, "weighted": false}, "deal": null, "mopDeal": null, "pcoDeal": null, "inventoryIndicator": null, "offerType": "OG", "offerId": "OG", "action": null, "isVariant": false, "link": "/en/2-microfiltered-milk/p/20148677_EA", "productVendor": null, "productVariant": null, "textBadge": "", "variantTheme": null, "articleNumber": "20148677", "uom": "EA", "sponsoredCreative": {"adGroupId": "08faf8d0-9efa-4b40-8f8f-104e8496e7cd", "campaignId": "29417d32-f885-4466-bc4b-f97b369e3a7c", "placementId": "fdf076c0-aef1-4f4f-8a4b-c9c88ec1f7bb", "encryptedCost": "nwHgx+PxDtIeP/AHUcwoHBVntwkOOSbpQ+KA6zfjnYA=", "creativeId": "48c608f7-cac3-4d18-a604-acb3c45a7e12", "servingId": "062f91b7-2b7f-4855-993f-3b3c9ca399e9", "keyword": "milk", "targetedKeyword": "milk", "matchType": "EXACT_MATCH", "targetPageType": "SRP"}, "isSponsored": true, "isComplementarySponsored": false, "complementarySponsoredBadgeText": null, "productBadge": {"badgeId": "SPONSORED", "badgeClass": null, "text": "Sponsored", "icon": null}}}}
{"store": "Real Canadian Superstore", "site_slug": "realcanadiansuperstore", "source_url": "/search?search-bar=milk&page=1", "scrape_ts": "2026-01-02T05:17:50.959803Z", "external_id": "20188873_EA", "name": "2% Milk", "brand": "Neilson", "size_text": "4 l, $0.16/100ml", "price": 6.25, "currency": "CAD", "unit_price": 0.16, "unit_price_uom": "100ml", "image_url": "https://digital.loblaws.ca/PCX/20188873_EA/en/1/20188873_en_front_800.png", "category_path": null, "availability": "in_stock", "query_category": "milk", "raw_source": {"type": "next-data", "data": {"index": 2, "promotions": [], "productId": "20188873_EA", "productImage": [{"imageUrl": "https://digital.loblaws.ca/PCX/20188873_EA/en/1/20188873_en_front_1200.png", "thumbnailUrl": "https://digital.loblaws.ca/PCX/20188873_EA/en/1/20188873_en_front_120.png", "smallUrl": "https://digital.loblaws.ca/PCX/20188873_EA/en/1/20188873_en_front_250.png", "mediumUrl": "https://digital.loblaws.ca/PCX/20188873_EA/en/1/20188873_en_front_400.png", "largeUrl": "https://digital.loblaws.ca/PCX/20188873_EA/en/1/20188873_en_front_800.png", "extraLargeUrl": "https://digital.loblaws.ca/PCX/20188873_EA/en/1/20188873_en_front_1200.png", "smallRetinaUrl": "https://digital.loblaws.ca/PCX/20188873_EA/en/1/20188873_en_front_250.png", "mediumRetinaUrl": "https://digital.loblaws.ca/PCX/20188873_EA/en/1/20188873_en_front_400.png", "largeRetinaUrl": "https://digital.loblaws.ca/PCX/20188873_EA/en/1/20188873_en_front_800.png"}], "brand": "Neilson", "title": "2% Milk", "description": "Fresh, wholesome milk… naturally from Neilson.Since 1893, Neilson has stood for high quality dairy products. Neilson has always been committed to using the best ingredients, people and processes to produce great tasting quality milk you can depend on. Always fresh, always delicious and always an excellent source of calcium, protein and vitamin D.", "packageSizing": "4 l, $0.16/100ml", "pricing": {"price": "6.25", "wasPrice": null, "displayPrice": "$6.25", "memberOnlyPrice": null, "mopDisplayPrice": null, "ehfTotal": null, "environmentalHandlingFee": null, "taxInfo": ""}, "pricingUnits": {"type": "SOLD_BY_EACH", "unit": "ea", "interval": 1, "minOrderQuantity": 1, "maxOrderQuantity": 24, "weighted": false}, "deal": null, "mopDeal": null, "pcoDeal": null, "inventoryIndicator": null, "offerType": "OG", "offerId": "OG", "action": null, "isVariant": false, "link": "/en/2-milk/p/20188873_EA", "productVendor": null, "productVariant": null, "textBadge": "", "variantTheme": null, "articleNumber": "20188873", "uom": "EA", "sponsoredCreative": null, "isSponsored": false, "isComplementarySponsored": false, "complementarySponsoredBadgeText": null, "productBadge": {"badgeId": "PREPARED_IN_CANADA", "badgeClass": "badge11", "text": "Prepared in Canada", "icon": {"url": "https://dis-prod.assetful.loblaw.ca/content/dam/loblaw-companies-limited/creative-assets/pc-optimum/global-list/maple-leaf-red.png", "altText": "", "placement": "LEFT"}}}}}
{"store": "Real Canadian Superstore", "site_slug": "realcanadiansuperstore", "source_url": "/search?search-bar=milk&page=1", "scrape_ts": "2026-01-02T05:17:50.959803Z", "external_id": "20130270_EA", "name": "2% Microfiltered Milk", "brand": "Neilson", "size_text": "2 l, $0.28/100ml", "price": 5.69, "currency": "CAD", "unit_price": 0.28, "unit_price_uom": "100ml", "image_url": "https://digital.loblaws.ca/PCX/20130270_EA/en/1/20130270_en_front_800.png", "category_path": null, "availability": "in_stock", "query_category": "milk", "raw_source": {"type": "next-data", "data": {"index": 3, "promotions": [], "productId": "20130270_EA", "productImage": [{"imageUrl": "https://digital.loblaws.ca/PCX/20130270_EA/en/1/20130270_en_front_1200.png", "thumbnailUrl": "https://digital.loblaws.ca/PCX/20130270_EA/en/1/20130270_en_front_120.png", "smallUrl": "https://digital.loblaws.ca/PCX/20130270_EA/en/1/20130270_en_front_250.png", "mediumUrl": "https://digital.loblaws.ca/PCX/20130270_EA/en/1/20130270_en_front_400.png", "largeUrl": "https://digital.loblaws.ca/PCX/20130270_EA/en/1/20130270_en_front_800.png", "extraLargeUrl": "https://digital.loblaws.ca/PCX/20130270_EA/en/1/20130270_en_front_1200.png", "smallRetinaUrl": "https://digital.loblaws.ca/PCX/20130270_EA/en/1/20130270_en_front_250.png", "mediumRetinaUrl": "https://digital.loblaws.ca/PCX/20130270_EA/en/1/20130270_en_front_400.png", "largeRetinaUrl": "https://digital.loblaws.ca/PCX/20130270_EA/en/1/20130270_en_front_800.png"}], "brand": "Neilson", "title": "2% Microfiltered Milk", "description": "Fresh, wholesome milk… naturally from Neilson.Since 1893, Neilson has stood for high quality dairy products. Neilson has always been committed to using the best ingredients, people and processes to produce great tasting quality milk you can depend on. Always fresh, always delicious and always an excellent source of calcium, protein and vitamin D.", "packageSizing": "2 l, $0.28/100ml", "pricing": {"price": "5.69", "wasPrice": null, "displayPrice": "$5.69", "memberOnlyPrice": null, "mopDisplayPrice": null, "ehfTotal": null, "environmentalHandlingFee": null, "taxInfo": ""}, "pricingUnits": {"type": "SOLD_BY_EACH", "unit": "ea", "interval": 1, "minOrderQuantity": 1, "maxOrderQuantity": 24, "weighted": false}, "deal": null, "mopDeal": null, "pcoDeal": null, "inventoryIndicator": null, "offerType": "OG", "offerId": "OG", "action": null, "isVariant": false, "link": "/en/2-microfiltered-milk/p/20130270_EA", "productVendor": null, "productVariant": null, "textBadge": "", "variantTheme": null, "articleNumber": "20130270", "uom": "EA", "sponsoredCreative": {"adGroupId": "08faf8d0-9efa-4b40-8f8f-104e8496e7cd", "campaignId": "29417d32-f885-4466-bc4b-f97b369e3a7c", "placementId": "fdf076c0-aef1-4f4f-8a4b-c9c88ec1f7bb", "encryptedCost": "LrxJNe9OiW262Z/dV3zAooTEOcSbPrXpc9mY6yYbLaA=", "creativeId": "cd847821-3691-4263-80cb-6ed85745ff55", "servingId": "062f91b7-2b7f-4855-993f-3b3c9ca399e9", "keyword": "milk", "targetedKeyword": "milk", "matchType": "EXACT_MATCH", "targetPageType": "SRP"}, "isSponsored": true, "isComplementarySponsored": false, "complementarySponsoredBadgeText": null, "productBadge": {"badgeId": "SPONSORED", "badgeClass": null, "text": "Sponsored", "icon": null}}}}
{"store": "Real Canadian Superstore", "site_slug": "realcanadiansuperstore", "source_url": "/search?search-bar=milk&page=1", "scrape_ts": "2026-01-02T05:17:50.959803Z", "external_id": "20136554_EA", "name": "1% Microfiltered Milk", "brand": "Neilson", "size_text": "4 l, $0.17/100ml", "price": 6.88, "currency": "CAD", "unit_price": 0.17, "unit_price_uom": "100ml", "image_url": "https://digital.loblaws.ca/PCX/20136554_EA/en/1/20136554_en_front_v1_800.png", "category_path": null, "availability": "in_stock", "query_category": "milk", "raw_source": {"type": "next-data", "data": {"index": 4, "promotions": [], "productId": "20136554_EA", "productImage": [{"imageUrl": "https://digital.loblaws.ca/PCX/20136554_EA/en/1/20136554_en_front_v1_1200.png", "thumbnailUrl": "https://digital.loblaws.ca/PCX/20136554_EA/en/1/20136554_en_front_v1_120.png", "smallUrl": "https://digital.loblaws.ca/PCX/20136554_EA/en/1/20136554_en_front_v1_250.png", "mediumUrl": "https://digital.loblaws.ca/PCX/20136554_EA/en/1/20136554_en_front_v1_400.png", "largeUrl": "https://digital.loblaws.ca/PCX/20136554_EA/en/1/20136554_en_front_v1_800.png", "extraLargeUrl": "https://digital.loblaws.ca/PCX/20136554_EA/en/1/20136554_en_front_v1_1200.png", "smallRetinaUrl": "https://digital.loblaws.ca/PCX/20136554_EA/en/1/20136554_en_front_v1_250.png", "mediumRetinaUrl": "https://digital.loblaws.ca/PCX/20136554_EA/en/1/20136554_en_front_v1_400.png", "largeRetinaUrl": "https://digital.loblaws.ca/PCX/20136554_EA/en/1/20136554_en_front_v1_800.png"}], "brand": "Neilson", "title": "1% Microfiltered Milk", "description": "Fresh, wholesome milk… naturally from Neilson.Since 1893, Neilson has stood for high quality dairy products. Neilson has always been committed to using the best ingredients, people and processes to produce great tasting quality milk you can depend on. Always fresh, always delicious and always an excellent source of calcium, protein and vitamin D.", "packageSizing": "4 l, $0.17/100ml", "pricing": {"price": "6.88", "wasPrice": null, "displayPrice": "$6.88", "memberOnlyPrice": null, "mopDisplayPrice": null, "ehfTotal": null, "environmentalHandlingFee": null, "taxInfo": ""}, "pricingUnits": {"type": "SOLD_BY_EACH", "unit": "ea", "interval": 1, "minOrderQuantity": 1, "maxOrderQuantity": 24, "weighted": false}, "deal": null, "mopDeal": null, "pcoDeal": null, "inventoryIndicator": null, "offerType": "OG", "offerId": "OG", "action": null, "isVariant": false, "link": "/en/1-microfiltered-milk/p/20136554_EA", "productVendor": null, "productVariant": null, "textBadge": "", "variantTheme": null, "articleNumber": "20136554", "uom": "EA", "sponsoredCreative": {"adGroupId": "08faf8d0-9efa-4b40-8f8f-104e8496e7cd", "campaignId": "29417d32-f885-4466-bc4b-f97b369e3a7c", "placementId": "fdf076c0-aef1-4f4f-8a4b-c9c88ec1f7bb", "encryptedCost": "KFxbxi73zHIWLodUh5x8hx9D31GPttNxmFST+Ng9TdQ=", "creativeId": "e16397d8-a2fc-45b2-86eb-f29ee0327411", "servingId": "062f91b7-2b7f-4855-993f-3b3c9ca399e9", "keyword": "milk", "targetedKeyword": "milk", "matchType": "EXACT_MATCH", "targetPageType": "SRP"}, "isSponsored": true, "isComplementarySponsored": false, "complementarySponsoredBadgeText": null, "productBadge": {"badgeId": "SPONSORED", "badgeClass": null, "text": "Sponsored", "icon": null}}}}
{"store": "Real Canadian Superstore", "site_slug": "realcanadiansuperstore", "source_url": "/search?search-bar=milk&page=1", "scrape_ts": "2026-01-02T05:17:50.959803Z", "external_id": "20149754_EA", "name": "2% Milk", "brand": "Neilson", "size_text": "1 l, $0.36/100ml", "price": 3.58, "currency": "CAD", "unit_price": 0.36, "unit_price_uom": "100ml", "image_url": "https://digital.loblaws.ca/PCX/20149754_EA/en/1/20149754_en_front_800.png", "category_path": null, "availability": "in_stock", "query_category": "milk", "raw_source": {"type": "next-data", "data": {"index": 5, "promotions": [], "productId": "20149754_EA", "productImage": [{"imageUrl": "https://digital.loblaws.ca/PCX/20149754_EA/en/1/20149754_en_front_1200.png", "thumbnailUrl": "https://digital.loblaws.ca/PCX/20149754_EA/en/1/20149754_en_front_120.png", "smallUrl": "https://digital.loblaws.ca/PCX/20149754_EA/en/1/20149754_en_front_250.png", "mediumUrl": "https://digital.loblaws.ca/PCX/20149754_EA/en/1/20149754_en_front_400.png", "largeUrl": "https://digital.loblaws.ca/PCX/20149754_EA/en/1/20149754_en_front_800.png", "extraLargeUrl": "https://digital.loblaws.ca/PCX/20149754_EA/en/1/20149754_en_front_1200.png", "smallRetinaUrl": "https://digital.loblaws.ca/PCX/20149754_EA/en/1/20149754_en_front_250.png", "mediumRetinaUrl": "https://digital.loblaws.ca/PCX/20149754_EA/en/1/20149754_en_front_400.png", "largeRetinaUrl": "https://digital.loblaws.ca/PCX/20149754_EA/en/1/20149754_en_front_800.png"}], "brand": "Neilson", "title": "2% Milk", "description": "Fresh, wholesome milk… naturally from Neilson.Since 1893, Neilson has stood for high quality dairy products. Neilson has always been committed to using the best ingredients, people and processes to produce great tasting quality milk you can depend on. Always fresh, always delicious and always an excellent source of calcium, protein and vitamin D.", "packageSizing": "1 l, $0.36/100ml", "pricing": {"price": "3.58", "wasPrice": null, "displayPrice": "$3.58", "memberOnlyPrice": null, "mopDisplayPrice": null, "ehfTotal": null, "environmentalHandlingFee": null, "taxInfo": ""}, "pricingUnits": {"type": "SOLD_BY_EACH", "unit": "ea", "interval": 1, "minOrderQuantity": 1, "maxOrderQuantity": 24, "weighted": false}, "deal": null, "mopDeal": null, "pcoDeal": null, "inventoryIndicator": null, "offerType": "OG", "offerId": "OG", "action": null, "isVariant": false, "link": "/en/2-milk/p/20149754_EA", "productVendor": null, "productVariant": null, "textBadge": "", "variantTheme": null, "articleNumber": "20149754", "uom": "EA", "sponsoredCreative": null, "isSponsored": false, "isComplementarySponsored": false, "complementarySponsoredBadgeText": null, "productBadge": {"badgeId": "PREPARED_IN_CANADA", "badgeClass": "badge11", "text": "Prepared in Canada", "icon": {"url": "https://dis-prod.assetful.loblaw.ca/content/dam/loblaw-companies-limited/creative-assets/pc-optimum/global-list/maple-leaf-red.png", "altText": "", "placement": "LEFT"}}}}}
{"store": "Real Canadian Superstore", "site_slug": "realcanadiansuperstore", "source_url": "/search?search-bar=milk&page=1", "scrape_ts": "2026-01-02T05:17:50.959803Z", "external_id": "20091686_EA", "name": "3.25% Microfiltered Milk", "brand": "Neilson", "size_text": "4 l, $0.19/100ml", "price": 7.68, "currency": "CAD", "unit_price": 0.19, "unit_price_uom": "100ml", "image_url": "https://digital.loblaws.ca/PCX/20091686_EA/en/1/20091686_en_front_800.png", "category_path": null, "availability": "in_stock", "query_category": "milk", "raw_source": {"type": "next-data", "data": {"index": 6, "promotions": [], "productId": "20091686_EA", "productImage": [{"imageUrl": "https://digital.loblaws.ca/PCX/20091686_EA/en/1/20091686_en_front_1200.png", "thumbnailUrl": "https://digital.loblaws.ca/PCX/20091686_EA/en/1/20091686_en_front_120.png", "smallUrl": "https://digital.loblaws.ca/PCX/20091686_EA/en/1/20091686_en_front_250.png", "mediumUrl": "https://digital.loblaws.ca/PCX/20091686_EA/en/1/20091686_en_front_400.png", "largeUrl": "https://digital.loblaws.ca/PCX/20091686_EA/en/1/20091686_en_front_800.png", "extraLargeUrl": "https://digital.loblaws.ca/PCX/20091686_EA/en/1/20091686_en_front_1200.png", "smallRetinaUrl": "https://digital.loblaws.ca/PCX/20091686_EA/en/1/20091686_en_front_250.png", "mediumRetinaUrl": "https://digital.loblaws.ca/PCX/20091686_EA/en/1/20091686_en_front_400.png", "largeRetinaUrl": "https://digital.loblaws.ca/PCX/20091686_EA/en/1/20091686_en_front_800.png"}], "brand": "Neilson", "title": "3.25% Microfiltered Milk", "description": "Fresh, wholesome milk… naturally from Neilson.Since 1893, Neilson has stood for high quality dairy products. Neilson has always been committed to using the best ingredients, people and processes to produce great tasting quality milk you can depend on. Always fresh, always delicious and always an excellent source of calcium, protein and vitamin D.", "packageSizing": "4 l, $0.19/100ml", "pricing": {"price": "7.68", "wasPrice": null, "displayPrice": "$7.68", "memberOnlyPrice": null, "mopDisplayPrice": null, "ehfTotal": null, "environmentalHandlingFee": null, "taxInfo": ""}, "pricingUnits": {"type": "SOLD_BY_EACH", "unit": "ea", "interval": 1, "minOrderQuantity": 1, "maxOrderQuantity": 24, "weighted": false}, "deal": null, "mopDeal": null, "pcoDeal": null, "inventoryIndicator": null, "offerType": "OG", "offerId": "OG", "action": null, "isVariant": false, "link": "/en/3-25-microfiltered-milk/p/20091686_EA", "productVendor": null, "productVariant": null, "textBadge": "", "variantTheme": null, "articleNumber": "20091686", "uom": "EA", "sponsoredCreative": {"adGroupId": "08faf8d0-9efa-4b40-8f8f-104e8496e7cd", "campaignId": "29417d32-f885-4466-bc4b-f97b369e3a7c", "placementId": "fdf076c0-aef1-4f4f-8a4b-c9c88ec1f7bb", "encryptedCost": "X5C8mhKXxWEfor0gqKi5SR/BCr8WoL8t6g0BVpXkZ0U=", "creativeId": "c033c96f-216e-45fe-86dd-3b743dada3c8", "servingId": "062f91b7-2b7f-4855-993f-3b3c9ca399e9", "keyword": "milk", "targetedKeyword": "milk", "matchType": "EXACT_MATCH", "targetPageType": "SRP"}, "isSponsored": true, "isComplementarySponsored": false, "complementarySponsoredBadgeText": null, "productBadge": {"badgeId": "SPONSORED", "badgeClass": null, "text": "Sponsored", "icon": null}}}}
{"store": "Real Canadian Superstore", "site_slug": "realcanadiansuperstore", "source_url": "/search?search-bar=milk&page=1", "scrape_ts": "2026-01-02T05:17:50.959803Z", "external_id": "21128369_EA", "name": "Milk 2% M.F", "brand": "Fairlife", "size_text": "1.5 l, $0.50/100ml", "price": 7.49, "currency": "CAD", "unit_price": 0.5, "unit_price_uom": "100ml", "image_url": "https://digital.loblaws.ca/PCX/21128369_EA/en/1/21128369_en_front_v3_800.png", "category_path": null, "availability": "in_stock", "query_category": "milk", "raw_source": {"type": "next-data", "data": {"index": 7, "promotions": [], "productId": "21128369_EA", "productImage": [{"imageUrl": "https://digital.loblaws.ca/PCX/21128369_EA/en/1/21128369_en_front_v3_1200.png", "thumbnailUrl": "https://digital.loblaws.ca/PCX/21128369_EA/en/1/21128369_en_front_v3_120.png", "smallUrl": "https://digital.loblaws.ca/PCX/21128369_EA/en/1/21128369_en_front_v3_250.png", "mediumUrl": "https://digital.loblaws.ca/PCX/21128369_EA/en/1/21128369_en_front_v3_400.png", "largeUrl": "https://digital.loblaws.ca/PCX/21128369_EA/en/1/21128369_en_front_v3_800.png", "extraLargeUrl": "https://digital.loblaws.ca/PCX/21128369_EA/en/1/21128369_en_front_v3_1200.png", "smallRetinaUrl": "https://digital.loblaws.ca/PCX/21128369_EA/en/1/21128369_en_front_v3_250.png", "mediumRetinaUrl": "https://digital.loblaws.ca/PCX/21128369_EA/en/1/21128369_en_front_v3_400.png", "largeRetinaUrl": "https://digital.loblaws.ca/PCX/21128369_EA/en/1/21128369_en_front_v3_800.png"}], "brand": "Fairlife", "title": "Milk 2% M.F", "description": "<p>We are driven by a simple belief: we can always make the world better. Proper nourishment allows us all to grow and thrive. All our milk flows through soft filters to concentrate protein while filtering out half of the natural sugars. Our delicious fairlife ultra-filtered milk has 50% less sugar and 50% more protein than regular chocolate milk. Plus, there are no artificial growth hormones used and it's lactose-free. So sip, drink, and chug as you enjoy our delicious ultra-filtered milk, eh?</p><ul><li>Made with 100% quality Canadian milk</li><li>50% less sugar and 50% more protein than regular chocolate milk</li><li>Delicious, satisfying, and lactose-free</li><li>No artificial growth hormones used</li></ul>", "packageSizing": "1.5 l, $0.50/100ml", "pricing": {"price": "7.49", "wasPrice": null, "displayPrice": "$7.49", "memberOnlyPrice": null, "mopDisplayPrice": null, "ehfTotal": null, "environmentalHandlingFee": null, "taxInfo": ""}, "pricingUnits": {"type": "SOLD_BY_EACH", "unit": "ea", "interval": 1, "minOrderQuantity": 1, "maxOrderQuantity": 24, "weighted": false}, "deal": null, "mopDeal": null, "pcoDeal": null, "inventoryIndicator": null, "offerType": "OG", "offerId": "OG", "action": null, "isVariant": false, "link": "/en/milk-2-m-f/p/21128369_EA", "productVendor": null, "productVariant": null, "textBadge": "", "variantTheme": null, "articleNumber": "21128369", "uom": "EA", "sponsoredCreative": null, "isSponsored": false, "isComplementarySponsored": false, "complementarySponsoredBadgeText": null, "productBadge": {"badgeId": "PREPARED_IN_CANADA", "badgeClass": "badge11", "text": "Prepared in Canada", "icon": {"url": "https://dis-prod.assetful.loblaw.ca/content/dam/loblaw-companies-limited/creative-assets/pc-optimum/global-list/maple-leaf-red.png", "altText": "", "placement": "LEFT"}}}}}
{"store": "Real Canadian Superstore", "site_slug": "realcanadiansuperstore", "source_url": "/search?search-bar=milk&page=1", "scrape_ts": "2026-01-02T05:17:50.959803Z", "external_id": "20126276_EA", "name": "1% Microfiltered Milk", "brand": "Neilson", "size_text": "2 l, $0.28/100ml", "price": 5.69, "currency": "CAD", "unit_price": 0.28, "unit_price_uom": "100ml", "image_url": "https://digital.loblaws.ca/PCX/20126276_EA/en/1/20126276_en_front_v1_800.png", "category_path": null, "availability": "in_stock", "query_category": "milk", "raw_source": {"type": "next-data", "data": {"index": 8, "promotions": [], "productId": "20126276_EA", "productImage": [{"imageUrl": "https://digital.loblaws.ca/PCX/20126276_EA/en/1/20126276_en_front_v1_1200.png", "thumbnailUrl": "https://digital.loblaws.ca/PCX/20126276_EA/en/1/20126276_en_front_v1_120.png", "smallUrl": "https://digital.loblaws.ca/PCX/20126276_EA/en/1/20126276_en_front_v1_250.png", "mediumUrl": "https://digital.loblaws.ca/PCX/20126276_EA/en/1/20126276_en_front_v1_400.png", "largeUrl": "https://digital.loblaws.ca/PCX/20126276_EA/en/1/20126276_en_front_v1_800.png", "extraLargeUrl": "https://digital.loblaws.ca/PCX/20126276_EA/en/1/20126276_en_front_v1_1200.png", "smallRetinaUrl": "https://digital.loblaws.ca/PCX/20126276_EA/en/1/20126276_en_front_v1_250.png", "mediumRetinaUrl": "https://digital.loblaws.ca/PCX/20126276_EA/en/1/20126276_en_front_v1_400.png", "largeRetinaUrl": "https://digital.loblaws.ca/PCX/20126276_EA/en/1/20126276_en_front_v1_800.png"}], "brand": "Neilson", "title": "1% Microfiltered Milk", "description": "Fresh, wholesome milk… naturally from Neilson.Since 1893, Neilson has stood for high quality dairy products. Neilson has always been committed to using the best ingredients, people and processes to produce great tasting quality milk you can depend on. Always fresh, always delicious and always an excellent source of calcium, protein and vitamin D.", "packageSizing": "2 l, $0.28/100ml", "pricing": {"price": "5.69", "wasPrice": null, "displayPrice": "$5.69", "memberOnlyPrice": null, "mopDisplayPrice": null, "ehfTotal": null, "environmentalHandlingFee": null, "taxInfo": ""}, "pricingUnits": {"type": "SOLD_BY_EACH", "unit": "ea", "interval": 1, "minOrderQuantity": 1, "maxOrderQuantity": 24, "weighted": false}, "deal": null, "mopDeal": null, "pcoDeal": null, "inventoryIndicator": null, "offerType": "OG", "offerId": "OG", "action": null, "isVariant": false, "link": "/en/1-microfiltered-milk/p/20126276_EA", "productVendor": null, "productVariant": null, "textBadge": "", "variantTheme": null, "articleNumber": "20126276", "uom": "EA", "sponsoredCreative": {"adGroupId": "08faf8d0-9efa-4b40-8f8f-104e8496e7cd", "campaignId": "29417d32-f885-4466-bc4b-f97b369e3a7c", "placementId": "fdf076c0-aef1-4f4f-8a4b-c9c88ec1f7bb", "encryptedCost": "5x1fihJ0ECA8AyNq1UTXHOb2nU8DBZ3j8d+ZOOcllho=", "creativeId": "dba8dc9a-7dce-4be9-8a90-76e8e72b5e2a", "servingId": "062f91b7-2b7f-4855-993f-3b3c9ca399e9", "keyword": "milk", "targetedKeyword": "milk", "matchType": "EXACT_MATCH", "targetPageType": "SRP"}, "isSponsored": true, "isComplementarySponsored": false, "complementarySponsoredBadgeText": null, "productBadge": {"badgeId": "SPONSORED", "badgeClass": null, "text": "Sponsored", "icon": null}}}}
{"store": "Real Canadian Superstore", "site_slug": "realcanadiansuperstore", "source_url": "/search?search-bar=milk&page=1", "scrape_ts": "2026-01-02T05:17:50.959803Z", "external_id": "20017001_EA", "name": "2% Milk", "brand": "Neilson", "size_text": "2 l, $0.27/100ml", "price": 5.32, "currency": "CAD", "unit_price": 0.27, "unit_price_uom": "100ml", "image_url": "https://digital.loblaws.ca/PCX/20017001_EA/en/1/20017001_en_front_800.png", "category_path": null, "availability": "in_stock", "query_category": "milk", "raw_source": {"type": "next-data", "data": {"index": 9, "promotions": [], "productId": "20017001_EA", "productImage": [{"imageUrl": "https://digital.loblaws.ca/PCX/20017001_EA/en/1/20017001_en_front_1200.png", "thumbnailUrl": "https://digital.loblaws.ca/PCX/20017001_EA/en/1/20017001_en_front_120.png", "smallUrl": "https://digital.loblaws.ca/PCX/20017001_EA/en/1/20017001_en_front_250.png", "mediumUrl": "https://digital.loblaws.ca/PCX/20017001_EA/en/1/20017001_en_front_400.png", "largeUrl": "https://digital.loblaws.ca/PCX/20017001_EA/en/1/20017001_en_front_800.png", "extraLargeUrl": "https://digital.loblaws.ca/PCX/20017001_EA/en/1/20017001_en_front_1200.png", "smallRetinaUrl": "https://digital.loblaws.ca/PCX/20017001_EA/en/1/20017001_en_front_250.png", "mediumRetinaUrl": "https://digital.loblaws.ca/PCX/20017001_EA/en/1/20017001_en_front_400.png", "largeRetinaUrl": "https://digital.loblaws.ca/PCX/20017001_EA/en/1/20017001_en_front_800.png"}], "brand": "Neilson", "title": "2% Milk", "description": "Fresh, wholesome milk… naturally from Neilson.Since 1893, Neilson has stood for high quality dairy products. Neilson has always been committed to using the best ingredients, people and processes to produce great tasting quality milk you can depend on. Always fresh, always delicious and always an excellent source of calcium, protein and vitamin D.", "packageSizing": "2 l, $0.27/100ml", "pricing": {"price": "5.32", "wasPrice": null, "displayPrice": "$5.32", "memberOnlyPrice": null, "mopDisplayPrice": null, "ehfTotal": null, "environmentalHandlingFee": null, "taxInfo": ""}, "pricingUnits": {"type": "SOLD_BY_EACH", "unit": "ea", "interval": 1, "minOrderQuantity": 1, "maxOrderQuantity": 24, "weighted": false}, "deal": null, "mopDeal": null, "pcoDeal": null, "inventoryIndicator": null, "offerType": "OG", "offerId": "OG", "action": null, "isVariant": false, "link": "/en/2-milk/p/20017001_EA", "productVendor": null, "productVariant": null, "textBadge": "", "variantTheme": null, "articleNumber": "20017001", "uom": "EA", "sponsoredCreative": null, "isSponsored": false, "isComplementarySponsored": false, "complementarySponsoredBadgeText": null, "productBadge": {"badgeId": "PREPARED_IN_CANADA", "badgeClass": "badge11", "text": "Prepared in Canada", "icon": {"url": "https://dis-prod.assetful.loblaw.ca/content/dam/loblaw-companies-limited/creative-assets/pc-optimum/global-list/maple-leaf-red.png", "altText": "", "placement": "LEFT"}}}}}
{"store": "Real Canadian Superstore", "site_slug": "realcanadiansuperstore", "source_url": "/search?search-bar=milk&page=1", "scrape_ts": "2026-01-02T05:17:50.959803Z", "external_id": "21163398_EA", "name": "3.25% Ultrafiltered Homogenized Milk", "brand": "Neilson", "size_text": "1 l, $0.40/100ml", "price": 4.0, "currency": "CAD", "unit_price": 0.4, "unit_price_uom": "100ml", "image_url": "https://digital.loblaws.ca/PCX/21163398_EA/en/1/21163398_en_front_v2_800.png", "category_path": null, "availability": "in_stock", "query_category": "milk", "raw_source": {"type": "next-data", "data": {"index": 10, "promotions": [], "productId": "21163398_EA", "productImage": [{"imageUrl": "https://digital.loblaws.ca/PCX/21163398_EA/en/1/21163398_en_front_v2_1200.png", "thumbnailUrl": "https://digital.loblaws.ca/PCX/21163398_EA/en/1/21163398_en_front_v2_120.png", "smallUrl": "https://digital.loblaws.ca/PCX/21163398_EA/en/1/21163398_en_front_v2_250.png", "mediumUrl": "https://digital.loblaws.ca/PCX/21163398_EA/en/1/21163398_en_front_v2_400.png", "largeUrl": "https://digital.loblaws.ca/PCX/21163398_EA/en/1/21163398_en_front_v2_800.png", "extraLargeUrl": "https://digital.loblaws.ca/PCX/21163398_EA/en/1/21163398_en_front_v2_1200.png", "smallRetinaUrl": "https://digital.loblaws.ca/PCX/21163398_EA/en/1/21163398_en_front_v2_250.png", "mediumRetinaUrl": "https://digital.loblaws.ca/PCX/21163398_EA/en/1/21163398_en_front_v2_400.png", "largeRetinaUrl": "https://digital.loblaws.ca/PCX/21163398_EA/en/1/21163398_en_front_v2_800.png"}], "brand": "Neilson", "title": "3.25% Ultrafiltered Homogenized Milk", "description": "<p>Neilson. Part of your family since 1893.Neilson Ultrafiltered Milk delivers a rich, creamy texture with 18 grams of protein from milk in every 250 mL glass. Made with 100% Canadian milk, it’s processed through a fine filtration system that naturally concentrates protein and reduces lactose. The result is a refreshing drink enriched with milk protein concentrate, offering a nourishing and satisfying experience.</p>", "packageSizing": "1 l, $0.40/100ml", "pricing": {"price": "4.00", "wasPrice": "$4.83", "displayPrice": "$4.00", "memberOnlyPrice": null, "mopDisplayPrice": null, "ehfTotal": null, "environmentalHandlingFee": null, "taxInfo": ""}, "pricingUnits": {"type": "SOLD_BY_EACH", "unit": "ea", "interval": 1, "minOrderQuantity": 1, "maxOrderQuantity": 24, "weighted": false}, "deal": {"type": "SALE", "text": "SAVE $0.83", "points": 0, "name": "SALE", "expiryDate": "2026-01-07T00:00:00Z", "dealPrice": null}, "mopDeal": null, "pcoDeal": null, "inventoryIndicator": null, "offerType": "OG", "offerId": "OG", "action": null, "isVariant": false, "link": "/en/3-25-ultrafiltered-homogenized-milk/p/21163398_EA", "productVendor": null, "productVariant": null, "textBadge": "", "variantTheme": null, "articleNumber": "21163398", "uom": "EA", "sponsoredCreative": {"adGroupId": "4219728c-f2a1-4f5f-9dfa-0a53d87c84a4", "campaignId": "29417d32-f885-4466-bc4b-f97b369e3a7c", "placementId": "fdf076c0-aef1-4f4f-8a4b-c9c88ec1f7bb", "encryptedCost": "CFEdrlMxBJj0Rk/sSVlGhwIcDmjCicWid7A1DIz6HV4=", "creativeId": "e45e6f7c-497b-4993-8bd2-f175734bfb82", "servingId": "062f91b7-2b7f-4855-993f-3b3c9ca399e9", "keyword": "milk", "targetedKeyword": "milk", "matchType": "EXACT_MATCH", "targetPageType": "SRP"}, "isSponsored": true, "isComplementarySponsored": false, "complementarySponsoredBadgeText": null, "productBadge": {"badgeId": "SPONSORED", "badgeClass": null, "text": "Sponsored", "icon": null}}}}
{"store": "Real Canadian Superstore", "site_slug": "realcanadiansuperstore", "source_url": "/search?search-bar=milk&page=1", "scrape_ts": "2026-01-02T05:17:50.959803Z", "external_id": "21694605_EA", "name": "Ultrapur Protein Ultra-Filtered Milk 2%", "brand": "Lactantia", "size_text": "1.5 l, $0.43/100ml", "price": 6.49, "currency": "CAD", "unit_price": 0.43, "unit_price_uom": "100ml", "image_url": "https://digital.loblaws.ca/PCX/21694605_EA/en/1/21694605_en_front_v1_800.png", "category_path": null, "availability": "in_stock", "query_category": "milk", "raw_source": {"type": "next-data", "data": {"index": 11, "promotions": [], "productId": "21694605_EA", "productImage": [{"imageUrl": "https://digital.loblaws.ca/PCX/21694605_EA/en/1/21694605_en_front_v1_1200.png", "thumbnailUrl": "https://digital.loblaws.ca/PCX/21694605_EA/en/1/21694605_en_front_v1_120.png", "smallUrl": "https://digital.loblaws.ca/PCX/21694605_EA/en/1/21694605_en_front_v1_250.png", "mediumUrl": "https://digital.loblaws.ca/PCX/21694605_EA/en/1/21694605_en_front_v1_400.png", "largeUrl": "https://digital.loblaws.ca/PCX/21694605_EA/en/1/21694605_en_front_v1_800.png", "extraLargeUrl": "https://digital.loblaws.ca/PCX/21694605_EA/en/1/21694605_en_front_v1_1200.png", "smallRetinaUrl": "https://digital.loblaws.ca/PCX/21694605_EA/en/1/21694605_en_front_v1_250.png", "mediumRetinaUrl": "https://digital.loblaws.ca/PCX/21694605_EA/en/1/21694605_en_front_v1_400.png", "largeRetinaUrl": "https://digital.loblaws.ca/PCX/21694605_EA/en/1/21694605_en_front_v1_800.png"}], "brand": "Lactantia", "title": "Ultrapur Protein Ultra-Filtered Milk 2%", "description": "<p>Get more of what you want with Lactantia UltraPur Ultrafiltered Milk. Unlike regular milk, this partly skimmed high protein milk is also ideal for those who require lactose free milk. Sourced from Canadian dairies, every drop of this 2% high-protein milk is carefully filtered to provide a smooth, pure taste that stays fresh longer without preservatives. Source of 10 essential nutrients and no sugar added, this milk is a nutritious and delicious choice for the whole family. A delightful, refreshing choice on its own, with cereal, or in blended coffee drinks. Rediscover the power of farm-fresh flavour with ultrafiltered milk. Lactantia, for Milk Connoisseurs!</p><ul><li>Made with ultrafiltered milk that stays fresh longer without preservatives</li><li>100% Canadian milk from Canadian dairies</li><li>20g of protein per serving</li><li>Lactose free</li><li>2% M.F.</li><li>Source of 10 essential nutrients</li><li>No added sugar</li><li>1.5 L</li></ul>", "packageSizing": "1.5 l, $0.43/100ml", "pricing": {"price": "6.49", "wasPrice": null, "displayPrice": "$6.49", "memberOnlyPrice": null, "mopDisplayPrice": null, "ehfTotal": null, "environmentalHandlingFee": null, "taxInfo": ""}, "pricingUnits": {"type": "SOLD_BY_EACH", "unit": "ea", "interval": 1, "minOrderQuantity": 1, "maxOrderQuantity": 25, "weighted": false}, "deal": null, "mopDeal": null, "pcoDeal": null, "inventoryIndicator": null, "offerType": "OG", "offerId": "OG", "action": null, "isVariant": false, "link": "/en/ultrapur-protein-ultra-filtered-milk-2/p/21694605_EA", "productVendor": null, "productVariant": null, "textBadge": "", "variantTheme": null, "articleNumber": "21694605", "uom": "EA", "sponsoredCreative": null, "isSponsored": false, "isComplementarySponsored": false, "complementarySponsoredBadgeText": null, "productBadge": null}}}
{"store": "Real Canadian Superstore", "site_slug": "realcanadiansuperstore", "source_url": "/search?search-bar=milk&page=1", "scrape_ts": "2026-01-02T05:17:50.959803Z", "external_id": "21664589_EA", "name": "SWISS CLASSIC Milk Chocolate Almond Butter Bar", "brand": "Lindt", "size_text": "100 g, $4.99/100g", "price": 4.99, "currency": "CAD", "unit_price": 4.99, "unit_price_uom": "100g", "image_url": "https://digital.loblaws.ca/PCX/21664589_EA/en/1/21664589_enfr_front_800.png", "category_path": null, "availability": "in_stock", "query_category": "milk", "raw_source": {"type": "next-data", "data": {"index": 12, "promotions": [{"type": "DEAL", "quantity": null, "savings": null, "value": null, "promoCode": "700014996120", "expiryDate": "2026-01-07T00:00:00Z", "title": null, "promoType": null, "pricingMethod": "3", "text": "PC Optimum Points", "reward": "$_FIXED", "callToAction": {"text": "Shop Offer", "url": "/shop-by-promo/700014996120"}}], "productId": "21664589_EA", "productImage": [{"imageUrl": "https://digital.loblaws.ca/PCX/21664589_EA/en/1/21664589_enfr_front_1200.png", "thumbnailUrl": "https://digital.loblaws.ca/PCX/21664589_EA/en/1/21664589_enfr_front_120.png", "smallUrl": "https://digital.loblaws.ca/PCX/21664589_EA/en/1/21664589_enfr_front_250.png", "mediumUrl": "https://digital.loblaws.ca/PCX/21664589_EA/en/1/21664589_enfr_front_400.png", "largeUrl": "https://digital.loblaws.ca/PCX/21664589_EA/en/1/21664589_enfr_front_800.png", "extraLargeUrl": "https://digital.loblaws.ca/PCX/21664589_EA/en/1/21664589_enfr_front_1200.png", "smallRetinaUrl": "https://digital.loblaws.ca/PCX/21664589_EA/en/1/21664589_enfr_front_250.png", "mediumRetinaUrl": "https://digital.loblaws.ca/PCX/21664589_EA/en/1/21664589_enfr_front_400.png", "largeRetinaUrl": "https://digital.loblaws.ca/PCX/21664589_EA/en/1/21664589_enfr_front_800.png"}], "brand": "Lindt", "title": "SWISS CLASSIC Milk Chocolate Almond Butter Bar", "description": "Experience pure chocolate bliss with the Lindt SWISS CLASSIC Milk Chocolate Almond Butter Bar, crafted to perfection by our Lindt Maître Chocolatiers. This indulgent bar combines rich, velvety Swiss milk chocolate with a luscious almond butter filling, creating a full-sensory treat that melts in your mouth. Perfect for relaxing evenings, after-dinner moments, or simply treating yourself, the creamy chocolate and nutty almond butter delivers a luxurious flavour experience. Savour the artistry of Lindt chocolate and elevate every moment with this decadent delight.", "packageSizing": "100 g, $4.99/100g", "pricing": {"price": "4.99", "wasPrice": null, "displayPrice": "$4.99", "memberOnlyPrice": null, "mopDisplayPrice": null, "ehfTotal": null, "environmentalHandlingFee": null, "taxInfo": "Plus Tax"}, "pricingUnits": {"type": "SOLD_BY_EACH", "unit": "ea", "interval": 1, "minOrderQuantity": 1, "maxOrderQuantity": 25, "weighted": false}, "deal": {"type": "MULTI", "text": "$3.33 MIN 3", "points": 0, "name": "MULTI", "expiryDate": "2026-01-07T00:00:00Z", "dealPrice": null}, "mopDeal": null, "pcoDeal": null, "inventoryIndicator": null, "offerType": "OG", "offerId": "OG", "action": null, "isVariant": false, "link": "/en/swiss-classic-milk-chocolate-almond-butter-bar/p/21664589_EA", "productVendor": null, "productVariant": null, "textBadge": "", "variantTheme": null, "articleNumber": "21664589", "uom": "EA", "sponsoredCreative": {"adGroupId": "95a3daf9-bd5f-48c7-90fb-2427b7ca6b8b", "campaignId": "f9996052-29c0-446e-baa2-e327f4985fc0", "placementId": "fdf076c0-aef1-4f4f-8a4b-c9c88ec1f7bb", "encryptedCost": "jebs8mIC7Mu06D9PADNWXtCXzKksOt6G2AcJ4QlFZso=", "creativeId": "755b04de-b67b-47ec-ab04-154f1395f1ef", "servingId": "062f91b7-2b7f-4855-993f-3b3c9ca399e9", "keyword": "milk", "targetedKeyword": "milk", "matchType": "EXACT_MATCH", "targetPageType": "SRP"}, "isSponsored": true, "isComplementarySponsored": true, "complementarySponsoredBadgeText": "You might like", "productBadge": {"badgeId": "SPONSORED", "badgeClass": null, "text": "Sponsored", "icon": null}}}}
{"store": "Real Canadian Superstore", "site_slug": "realcanadiansuperstore", "source_url": "/search?search-bar=milk&page=1", "scrape_ts": "2026-01-02T05:17:50.959803Z", "external_id": "20047439_EA", "name": "1% Milk", "brand": "Neilson", "size_text": "4 l, $0.16/100ml", "price": 6.25, "currency": "CAD", "unit_price": 0.16, "unit_price_uom": "100ml", "image_url": "https://digital.loblaws.ca/PCX/20047439_EA/en/1/20047439_en_front_800.png", "category_path": null, "availability": "in_stock", "query_category": "milk", "raw_source": {"type": "next-data", "data": {"index": 13, "promotions": [], "productId": "20047439_EA", "productImage": [{"imageUrl": "https://digital.loblaws.ca/PCX/20047439_EA/en/1/20047439_en_front_1200.png", "thumbnailUrl": "https://digital.loblaws.ca/PCX/20047439_EA/en/1/20047439_en_front_120.png", "smallUrl": "https://digital.loblaws.ca/PCX/20047439_EA/en/1/20047439_en_front_250.png", "mediumUrl": "https://digital.loblaws.ca/PCX/20047439_EA/en/1/20047439_en_front_400.png", "largeUrl": "https://digital.loblaws.ca/PCX/20047439_EA/en/1/20047439_en_front_800.png", "extraLargeUrl": "https://digital.loblaws.ca/PCX/20047439_EA/en/1/20047439_en_front_1200.png", "smallRetinaUrl": "https://digital.loblaws.ca/PCX/20047439_EA/en/1/20047439_en_front_250.png", "mediumRetinaUrl": "https://digital.loblaws.ca/PCX/20047439_EA/en/1/20047439_en_front_400.png", "largeRetinaUrl": "https://digital.loblaws.ca/PCX/20047439_EA/en/1/20047439_en_front_800.png"}], "brand": "Neilson", "title": "1% Milk", "description": "Fresh, wholesome milk… naturally from Neilson.Since 1893, Neilson has stood for high quality dairy products. Neilson has always been committed to using the best ingredients, people and processes to produce great tasting quality milk you can depend on. Always fresh, always delicious and always an excellent source of calcium, protein and vitamin D.", "packageSizing": "4 l, $0.16/100ml", "pricing": {"price": "6.25", "wasPrice": null, "displayPrice": "$6.25", "memberOnlyPrice": null, "mopDisplayPrice": null, "ehfTotal": null, "environmentalHandlingFee": null, "taxInfo": ""}, "pricingUnits": {"type": "SOLD_BY_EACH", "unit": "ea", "interval": 1, "minOrderQuantity": 1, "maxOrderQuantity": 24, "weighted": false}, "deal": null, "mopDeal": null, "pcoDeal": null, "inventoryIndicator": null, "offerType": "OG", "offerId": "OG", "action": null, "isVariant": false, "link": "/en/1-milk/p/20047439_EA", "productVendor": null, "productVariant": null, "textBadge": "", "variantTheme": null, "articleNumber": "20047439", "uom": "EA", "sponsoredCreative": null, "isSponsored": false, "isComplementarySponsored": false, "complementarySponsoredBadgeText": null, "productBadge": {"badgeId": "PREPARED_IN_CANADA", "badgeClass": "badge11", "text": "Prepared in Canada", "icon": {"url": "https://dis-prod.assetful.loblaw.ca/content/dam/loblaw-companies-limited/creative-assets/pc-optimum/global-list/maple-leaf-red.png", "altText": "", "placement": "LEFT"}}}}}
{"store": "Real Canadian Superstore", "site_slug": "realcanadiansuperstore", "source_url": "/search?search-bar=milk&page=1", "scrape_ts": "2026-01-02T05:17:50.959803Z", "external_id": "20375989_EA", "name": "SWISS CLASSIC Almond Milk Chocolate Bar", "brand": "Lindt", "size_text": "100 g, $4.99/100g", "price": 4.99, "currency": "CAD", "unit_price": 4.99, "unit_price_uom": "100g", "image_url": "https://digital.loblaws.ca/PCX/20375989_EA/en/1/20375989_en_front_v1_800.png", "category_path": null, "availability": "in_stock", "query_category": "milk", "raw_source": {"type": "next-data", "data": {"index": 14, "promotions": [{"type": "DEAL", "quantity": null, "savings": null, "value": null, "promoCode": "700014996120", "expiryDate": "2026-01-07T00:00:00Z", "title": null, "promoType": null, "pricingMethod": "3", "text": "PC Optimum Points", "reward": "$_FIXED", "callToAction": {"text": "Shop Offer", "url": "/shop-by-promo/700014996120"}}], "productId": "20375989_EA", "productImage": [{"imageUrl": "https://digital.loblaws.ca/PCX/20375989_EA/en/1/20375989_en_front_v1_1200.png", "thumbnailUrl": "https://digital.loblaws.ca/PCX/20375989_EA/en/1/20375989_en_front_v1_120.png", "smallUrl": "https://digital.loblaws.ca/PCX/20375989_EA/en/1/20375989_en_front_v1_250.png", "mediumUrl": "https://digital.loblaws.ca/PCX/20375989_EA/en/1/20375989_en_front_v1_400.png", "largeUrl": "https://digital.loblaws.ca/PCX/20375989_EA/en/1/20375989_en_front_v1_800.png", "extraLargeUrl": "https://digital.loblaws.ca/PCX/20375989_EA/en/1/20375989_en_front_v1_1200.png", "smallRetinaUrl": "https://digital.loblaws.ca/PCX/20375989_EA/en/1/20375989_en_front_v1_250.png", "mediumRetinaUrl": "https://digital.loblaws.ca/PCX/20375989_EA/en/1/20375989_en_front_v1_400.png", "largeRetinaUrl": "https://digital.loblaws.ca/PCX/20375989_EA/en/1/20375989_en_front_v1_800.png"}], "brand": "Lindt", "title": "SWISS CLASSIC Almond Milk Chocolate Bar", "description": "<p>Indulge in decadent Lindt milk chocolate with the perfect crunchy texture with the Lindt SWISS CLASSIC Almond Milk Chocolate Bar. This elegant milk chocolate bar delivers the perfect combination of whole almonds, roasted to perfection, and immersed in creamy milk chocolate. With a glossy finish and velvety texture of perfectly tempered chocolate, every Lindt confection offers a full sensory chocolate experience. Since 1845, Lindt Maître Chocolatiers have brought passion and pride to producing gourmet Swiss chocolate. Premium chocolate begins with premium ingredients, and Lindt is one of the only large-scale chocolate makers in the world to oversee every step in its chocolate-making process. Through its innovative farming program, Lindt can trace every cacao bean used back to its farm of origin, ensuring that only the finest ingredients are used, and guaranteeing extraordinary chocolate flavour in every bite. Make sure to store all Lindt chocolate in a cool, dry place to ensure quality.</p><li>Package contains one 100g milk chocolate bar with whole roasted almonds</li><li>From superior cacao beans to exquisite chocolate, Lindt meticulously controls every step in its chocolate-making process</li><li>Each of Lindt’s delicious flavour combinations are crafted with only the finest quality ingredients</li><li>This gourmet almond chocolate bar is perfect savoured on its own or paired with your favourite beverage</li><li>To ensure quality, always store Lindt chocolate in a cool, dry place</li>", "packageSizing": "100 g, $4.99/100g", "pricing": {"price": "4.99", "wasPrice": null, "displayPrice": "$4.99", "memberOnlyPrice": null, "mopDisplayPrice": null, "ehfTotal": null, "environmentalHandlingFee": null, "taxInfo": "Plus Tax"}, "pricingUnits": {"type": "SOLD_BY_EACH", "unit": "ea", "interval": 1, "minOrderQuantity": 1, "maxOrderQuantity": 24, "weighted": false}, "deal": {"type": "MULTI", "text": "$3.33 MIN 3", "points": 0, "name": "MULTI", "expiryDate": "2026-01-07T00:00:00Z", "dealPrice": null}, "mopDeal": null, "pcoDeal": null, "inventoryIndicator": null, "offerType": "OG", "offerId": "OG", "action": null, "isVariant": false, "link": "/en/swiss-classic-almond-milk-chocolate-bar/p/20375989_EA", "productVendor": null, "productVariant": null, "textBadge": "", "variantTheme": null, "articleNumber": "20375989", "uom": "EA", "sponsoredCreative": {"adGroupId": "95a3daf9-bd5f-48c7-90fb-2427b7ca6b8b", "campaignId": "f9996052-29c0-446e-baa2-e327f4985fc0", "placementId": "fdf076c0-aef1-4f4f-8a4b-c9c88ec1f7bb", "encryptedCost": "RxAhE09o8hC/1OQKK6MPbc6XCosZfH0XbOwU35AgIJ0=", "creativeId": "c1e95489-b660-4ed8-9fcb-d7fbe443f1dc", "servingId": "062f91b7-2b7f-4855-993f-3b3c9ca399e9", "keyword": "milk", "targetedKeyword": "milk", "matchType": "EXACT_MATCH", "targetPageType": "SRP"}, "isSponsored": true, "isComplementarySponsored": true, "complementarySponsoredBadgeText": "You might like", "productBadge": {"badgeId": "SPONSORED", "badgeClass": null, "text": "Sponsored", "icon": null}}}}
{"store": "Real Canadian Superstore", "site_slug": "realcanadiansuperstore", "source_url": "/search?search-bar=milk&page=1", "scrape_ts": "2026-01-02T05:17:50.959803Z", "external_id": "20160571_EA", "name": "3.25% Homogenized Milk", "brand": "Neilson", "size_text": "4 l, $0.18/100ml", "price": 7.25, "currency": "CAD", "unit_price": 0.18, "unit_price_uom": "100ml", "image_url": "https://digital.loblaws.ca/PCX/20160571_EA/en/1/20160571_en_front_800.png", "category_path": null, "availability": "in_stock", "query_category": "milk", "raw_source": {"type": "next-data", "data": {"index": 15, "promotions": [], "productId": "20160571_EA", "productImage": [{"imageUrl": "https://digital.loblaws.ca/PCX/20160571_EA/en/1/20160571_en_front_1200.png", "thumbnailUrl": "https://digital.loblaws.ca/PCX/20160571_EA/en/1/20160571_en_front_120.png", "smallUrl": "https://digital.loblaws.ca/PCX/20160571_EA/en/1/20160571_en_front_250.png", "mediumUrl": "https://digital.loblaws.ca/PCX/20160571_EA/en/1/20160571_en_front_400.png", "largeUrl": "https://digital.loblaws.ca/PCX/20160571_EA/en/1/20160571_en_front_800.png", "extraLargeUrl": "https://digital.loblaws.ca/PCX/20160571_EA/en/1/20160571_en_front_1200.png", "smallRetinaUrl": "https://digital.loblaws.ca/PCX/20160571_EA/en/1/20160571_en_front_250.png", "mediumRetinaUrl": "https://digital.loblaws.ca/PCX/20160571_EA/en/1/20160571_en_front_400.png", "largeRetinaUrl": "https://digital.loblaws.ca/PCX/20160571_EA/en/1/20160571_en_front_800.png"}], "brand": "Neilson", "title": "3.25% Homogenized Milk", "description": "Fresh, wholesome milk… naturally from Neilson.Since 1893, Neilson has stood for high quality dairy products. Neilson has always been committed to using the best ingredients, people and processes to produce great tasting quality milk you can depend on. Always fresh, always delicious and always an excellent source of calcium, protein and vitamin D.", "packageSizing": "4 l, $0.18/100ml", "pricing": {"price": "7.25", "wasPrice": null, "displayPrice": "$7.25", "memberOnlyPrice": null, "mopDisplayPrice": null, "ehfTotal": null, "environmentalHandlingFee": null, "taxInfo": ""}, "pricingUnits": {"type": "SOLD_BY_EACH", "unit": "ea", "interval": 1, "minOrderQuantity": 1, "maxOrderQuantity": 24, "weighted": false}, "deal": null, "mopDeal": null, "pcoDeal": null, "inventoryIndicator": null, "offerType": "OG", "offerId": "OG", "action": null, "isVariant": false, "link": "/en/3-25-homogenized-milk/p/20160571_EA", "productVendor": null, "productVariant": null, "textBadge": "", "variantTheme": null, "articleNumber": "20160571", "uom": "EA", "sponsoredCreative": null, "isSponsored": false, "isComplementarySponsored": false, "complementarySponsoredBadgeText": null, "productBadge": {"badgeId": "PREPARED_IN_CANADA", "badgeClass": "badge11", "text": "Prepared in Canada", "icon": {"url": "https://dis-prod.assetful.loblaw.ca/content/dam/loblaw-companies-limited/creative-assets/pc-optimum/global-list/maple-leaf-red.png", "altText": "", "placement": "LEFT"}}}}}
{"store": "Real Canadian Superstore", "site_slug": "realcanadiansuperstore", "source_url": "/search?search-bar=milk&page=1", "scrape_ts": "2026-01-02T05:17:50.959803Z", "external_id": "20835553001_EA", "name": "Grass Fed 2% Milk", "brand": "Rolling Meadow", "size_text": "2 l, $0.31/100ml", "price": 6.29, "currency": "CAD", "unit_price": 0.31, "unit_price_uom": "100ml", "image_url": "https://digital.loblaws.ca/PCX/20835553001_EA/en/1/20835553001_en_front_v1_800.png", "category_path": null, "availability": "out_of_stock", "query_category": "milk", "raw_source": {"type": "next-data", "data": {"index": 16, "promotions": [], "productId": "20835553001_EA", "productImage": [{"imageUrl": "https://digital.loblaws.ca/PCX/20835553001_EA/en/1/20835553001_en_front_v1_1200.png", "thumbnailUrl": "https://digital.loblaws.ca/PCX/20835553001_EA/en/1/20835553001_en_front_v1_120.png", "smallUrl": "https://digital.loblaws.ca/PCX/20835553001_EA/en/1/20835553001_en_front_v1_250.png", "mediumUrl": "https://digital.loblaws.ca/PCX/20835553001_EA/en/1/20835553001_en_front_v1_400.png", "largeUrl": "https://digital.loblaws.ca/PCX/20835553001_EA/en/1/20835553001_en_front_v1_800.png", "extraLargeUrl": "https://digital.loblaws.ca/PCX/20835553001_EA/en/1/20835553001_en_front_v1_1200.png", "smallRetinaUrl": "https://digital.loblaws.ca/PCX/20835553001_EA/en/1/20835553001_en_front_v1_250.png", "mediumRetinaUrl": "https://digital.loblaws.ca/PCX/20835553001_EA/en/1/20835553001_en_front_v1_400.png", "largeRetinaUrl": "https://digital.loblaws.ca/PCX/20835553001_EA/en/1/20835553001_en_front_v1_800.png"}], "brand": "Rolling Meadow", "title": "Grass Fed 2% Milk", "description": "Rich in nutrients, milk has been a food staple for centuries. Used in cooking, baking or simply as a wholesome beverage, Milk is a great way to get calcium and protein into your diet. Whole milk contains at least 3.25% milk fat. When a portion of the milk’s fat is removed, it becomes partly skimmed milk, such as 2% milk and 1% milk, depending on the quantity removed. Skim milk is virtually fat-free, with only about 0.1% fat.", "packageSizing": "2 l, $0.31/100ml", "pricing": {"price": "6.29", "wasPrice": "$6.99", "displayPrice": "$6.29", "memberOnlyPrice": null, "mopDisplayPrice": null, "ehfTotal": null, "environmentalHandlingFee": null, "taxInfo": ""}, "pricingUnits": {"type": "SOLD_BY_EACH", "unit": "ea", "interval": 1, "minOrderQuantity": 1, "maxOrderQuantity": 24, "weighted": false}, "deal": {"type": "SALE", "text": "SAVE $0.70", "points": 0, "name": "SALE", "expiryDate": "2026-01-28T00:00:00Z", "dealPrice": null}, "mopDeal": null, "pcoDeal": null, "inventoryIndicator": {"indicatorId": "OUT", "text": "Out of Stock"}, "offerType": "OG", "offerId": "OG", "action": null, "isVariant": false, "link": "/en/grass-fed-2-milk/p/20835553001_EA", "productVendor": null, "productVariant": null, "textBadge": "out-of-stock", "variantTheme": null, "articleNumber": "20835553001", "uom": "EA", "sponsoredCreative": null, "isSponsored": false, "isComplementarySponsored": false, "complementarySponsoredBadgeText": null, "productBadge": {"badgeId": "PREPARED_IN_CANADA", "badgeClass": "badge11", "text": "Prepared in Canada", "icon": {"url": "https://dis-prod.assetful.loblaw.ca/content/dam/loblaw-companies-limited/creative-assets/pc-optimum/global-list/maple-leaf-red.png", "altText": "", "placement": "LEFT"}}}}}
{"store": "Real Canadian Superstore", "site_slug": "realcanadiansuperstore", "source_url": "/search?search-bar=milk&page=1", "scrape_ts": "2026-01-02T05:17:50.959803Z", "external_id": "20185616_EA", "name": "1% Milk", "brand": "Neilson", "size_text": "1 l, $0.36/100ml", "price": 3.58, "currency": "CAD", "unit_price": 0.36, "unit_price_uom": "100ml", "image_url": "https://digital.loblaws.ca/PCX/20185616_EA/en/1/20185616_en_front_v1_800.png", "category_path": null, "availability": "in_stock", "query_category": "milk", "raw_source": {"type": "next-data", "data": {"index": 17, "promotions": [], "productId": "20185616_EA", "productImage": [{"imageUrl": "https://digital.loblaws.ca/PCX/20185616_EA/en/1/20185616_en_front_v1_1200.png", "thumbnailUrl": "https://digital.loblaws.ca/PCX/20185616_EA/en/1/20185616_en_front_v1_120.png", "smallUrl": "https://digital.loblaws.ca/PCX/20185616_EA/en/1/20185616_en_front_v1_250.png", "mediumUrl": "https://digital.loblaws.ca/PCX/20185616_EA/en/1/20185616_en_front_v1_400.png", "largeUrl": "https://digital.loblaws.ca/PCX/20185616_EA/en/1/20185616_en_front_v1_800.png", "extraLargeUrl": "https://digital.loblaws.ca/PCX/20185616_EA/en/1/20185616_en_front_v1_1200.png", "smallRetinaUrl": "https://digital.loblaws.ca/PCX/20185616_EA/en/1/20185616_en_front_v1_250.png", "mediumRetinaUrl": "https://digital.loblaws.ca/PCX/20185616_EA/en/1/20185616_en_front_v1_400.png", "largeRetinaUrl": "https://digital.loblaws.ca/PCX/20185616_EA/en/1/20185616_en_front_v1_800.png"}], "brand": "Neilson", "title": "1% Milk", "description": "Fresh, wholesome milk… naturally from Neilson.Since 1893, Neilson has stood for high quality dairy products. Neilson has always been committed to using the best ingredients, people and processes to produce great tasting quality milk you can depend on. Always fresh, always delicious and always an excellent source of calcium, protein and vitamin D.", "packageSizing": "1 l, $0.36/100ml", "pricing": {"price": "3.58", "wasPrice": null, "displayPrice": "$3.58", "memberOnlyPrice": null, "mopDisplayPrice": null, "ehfTotal": null, "environmentalHandlingFee": null, "taxInfo": ""}, "pricingUnits": {"type": "SOLD_BY_EACH", "unit": "ea", "interval": 1, "minOrderQuantity": 1, "maxOrderQuantity": 24, "weighted": false}, "deal": null, "mopDeal": null, "pcoDeal": null, "inventoryIndicator": null, "offerType": "OG", "offerId": "OG", "action": null, "isVariant": false, "link": "/en/1-milk/p/20185616_EA", "productVendor": null, "productVariant": null, "textBadge": "", "variantTheme": null, "articleNumber": "20185616", "uom": "EA", "sponsoredCreative": null, "isSponsored": false, "isComplementarySponsored": false, "complementarySponsoredBadgeText": null, "productBadge": {"badgeId": "PREPARED_IN_CANADA", "badgeClass": "badge11", "text": "Prepared in Canada", "icon": {"url": "https://dis-prod.assetful.loblaw.ca/content/dam/loblaw-companies-limited/creative-assets/pc-optimum/global-list/maple-leaf-red.png", "altText": "", "placement": "LEFT"}}}}}
{"store": "Real Canadian Superstore", "site_slug": "realcanadiansuperstore", "source_url": "/search?search-bar=milk&page=1", "scrape_ts": "2026-01-02T05:17:50.959803Z", "external_id": "20125636_EA", "name": "3.25% Homogenized Milk", "brand": "Neilson", "size_text": "2 l, $0.28/100ml", "price": 5.55, "currency": "CAD", "unit_price": 0.28, "unit_price_uom": "100ml", "image_url": "https://digital.loblaws.ca/PCX/20125636_EA/en/1/20125636_en_front_800.png", "category_path": null, "availability": "in_stock", "query_category": "milk", "raw_source": {"type": "next-data", "data": {"index": 18, "promotions": [], "productId": "20125636_EA", "productImage": [{"imageUrl": "https://digital.loblaws.ca/PCX/20125636_EA/en/1/20125636_en_front_1200.png", "thumbnailUrl": "https://digital.loblaws.ca/PCX/20125636_EA/en/1/20125636_en_front_120.png", "smallUrl": "https://digital.loblaws.ca/PCX/20125636_EA/en/1/20125636_en_front_250.png", "mediumUrl": "https://digital.loblaws.ca/PCX/20125636_EA/en/1/20125636_en_front_400.png", "largeUrl": "https://digital.loblaws.ca/PCX/20125636_EA/en/1/20125636_en_front_800.png", "extraLargeUrl": "https://digital.loblaws.ca/PCX/20125636_EA/en/1/20125636_en_front_1200.png", "smallRetinaUrl": "https://digital.loblaws.ca/PCX/20125636_EA/en/1/20125636_en_front_250.png", "mediumRetinaUrl": "https://digital.loblaws.ca/PCX/20125636_EA/en/1/20125636_en_front_400.png", "largeRetinaUrl": "https://digital.loblaws.ca/PCX/20125636_EA/en/1/20125636_en_front_800.png"}], "brand": "Neilson", "title": "3.25% Homogenized Milk", "description": "Fresh, wholesome milk… naturally from Neilson.Since 1893, Neilson has stood for high quality dairy products. Neilson has always been committed to using the best ingredients, people and processes to produce great tasting quality milk you can depend on. Always fresh, always delicious and always an excellent source of calcium, protein and vitamin D.", "packageSizing": "2 l, $0.28/100ml", "pricing": {"price": "5.55", "wasPrice": null, "displayPrice": "$5.55", "memberOnlyPrice": null, "mopDisplayPrice": null, "ehfTotal": null, "environmentalHandlingFee": null, "taxInfo": ""}, "pricingUnits": {"type": "SOLD_BY_EACH", "unit": "ea", "interval": 1, "minOrderQuantity": 1, "maxOrderQuantity": 24, "weighted": false}, "deal": null, "mopDeal": null, "pcoDeal": null, "inventoryIndicator": null, "offerType": "OG", "offerId": "OG", "action": null, "isVariant": false, "link": "/en/3-25-homogenized-milk/p/20125636_EA", "productVendor": null, "productVariant": null, "textBadge": "", "variantTheme": null, "articleNumber": "20125636", "uom": "EA", "sponsoredCreative": null, "isSponsored": false, "isComplementarySponsored": false, "complementarySponsoredBadgeText": null, "productBadge": {"badgeId": "PREPARED_IN_CANADA", "badgeClass": "badge11", "text": "Prepared in Canada", "icon": {"url": "https://dis-prod.assetful.loblaw.ca/content/dam/loblaw-companies-limited/creative-assets/pc-optimum/global-list/maple-leaf-red.png", "altText": "", "placement": "LEFT"}}}}}
{"store": "Real Canadian Superstore", "site_slug": "realcanadiansuperstore", "source_url": "/search?search-bar=milk&page=1", "scrape_ts": "2026-01-02T05:17:50.959803Z", "external_id": "21128348_EA", "name": "Whole Milk", "brand": "Fairlife", "size_text": "1.5 l, $0.50/100ml", "price": 7.49, "currency": "CAD", "unit_price": 0.5, "unit_price_uom": "100ml", "image_url": "https://digital.loblaws.ca/PCX/21128348_EA/en/1/21128348_en_front_v3_800.png", "category_path": null, "availability": "in_stock", "query_category": "milk", "raw_source": {"type": "next-data", "data": {"index": 19, "promotions": [], "productId": "21128348_EA", "productImage": [{"imageUrl": "https://digital.loblaws.ca/PCX/21128348_EA/en/1/21128348_en_front_v3_1200.png", "thumbnailUrl": "https://digital.loblaws.ca/PCX/21128348_EA/en/1/21128348_en_front_v3_120.png", "smallUrl": "https://digital.loblaws.ca/PCX/21128348_EA/en/1/21128348_en_front_v3_250.png", "mediumUrl": "https://digital.loblaws.ca/PCX/21128348_EA/en/1/21128348_en_front_v3_400.png", "largeUrl": "https://digital.loblaws.ca/PCX/21128348_EA/en/1/21128348_en_front_v3_800.png", "extraLargeUrl": "https://digital.loblaws.ca/PCX/21128348_EA/en/1/21128348_en_front_v3_1200.png", "smallRetinaUrl": "https://digital.loblaws.ca/PCX/21128348_EA/en/1/21128348_en_front_v3_250.png", "mediumRetinaUrl": "https://digital.loblaws.ca/PCX/21128348_EA/en/1/21128348_en_front_v3_400.png", "largeRetinaUrl": "https://digital.loblaws.ca/PCX/21128348_EA/en/1/21128348_en_front_v3_800.png"}], "brand": "Fairlife", "title": "Whole Milk", "description": "<p>We are driven by a simple belief: we can always make the world better. Proper nourishment allows us all to grow and thrive. All our milk flows through soft filters to concentrate protein while filtering out half of the natural sugars. Our delicious fairlife ultra-filtered milk has 50% less sugar and 50% more protein than regular chocolate milk. Plus, there are no artificial growth hormones used and it's lactose-free. So sip, drink, and chug as you enjoy our delicious ultra-filtered milk, eh?</p><ul><li>Made with 100% quality Canadian milk</li><li>50% less sugar and 50% more protein than regular chocolate milk</li><li>Delicious, satisfying, and lactose-free</li><li>No artificial growth hormones used</li></ul>", "packageSizing": "1.5 l, $0.50/100ml", "pricing": {"price": "7.49", "wasPrice": null, "displayPrice": "$7.49", "memberOnlyPrice": null, "mopDisplayPrice": null, "ehfTotal": null, "environmentalHandlingFee": null, "taxInfo": ""}, "pricingUnits": {"type": "SOLD_BY_EACH", "unit": "ea", "interval": 1, "minOrderQuantity": 1, "maxOrderQuantity": 24, "weighted": false}, "deal": null, "mopDeal": null, "pcoDeal": null, "inventoryIndicator": null, "offerType": "OG", "offerId": "OG", "action": null, "isVariant": false, "link": "/en/whole-milk/p/21128348_EA", "productVendor": null, "productVariant": null, "textBadge": "", "variantTheme": null, "articleNumber": "21128348", "uom": "EA", "sponsoredCreative": null, "isSponsored": false, "isComplementarySponsored": false, "complementarySponsoredBadgeText": null, "productBadge": {"badgeId": "PREPARED_IN_CANADA", "badgeClass": "badge11", "text": "Prepared in Canada", "icon": {"url": "https://dis-prod.assetful.loblaw.ca/content/dam/loblaw-companies-limited/creative-assets/pc-optimum/global-list/maple-leaf-red.png", "altText": "", "placement": "LEFT"}}}}}
{"store": "Real Canadian Superstore", "site_slug": "realcanadiansuperstore", "source_url": "/search?search-bar=milk&page=1", "scrape_ts": "2026-01-02T05:17:50.959803Z", "external_id": "20181392_EA", "name": "2% Microfiltered Milk", "brand": "Neilson", "size_text": "1 l, $0.37/100ml", "price": 3.68, "currency": "CAD", "unit_price": 0.37, "unit_price_uom": "100ml", "image_url": "https://digital.loblaws.ca/PCX/20181392_EA/en/1/20181392_en_front_v2_800.png", "category_path": null, "availability": "in_stock", "query_category": "milk", "raw_source": {"type": "next-data", "data": {"index": 20, "promotions": [], "productId": "20181392_EA", "productImage": [{"imageUrl": "https://digital.loblaws.ca/PCX/20181392_EA/en/1/20181392_en_front_v2_1200.png", "thumbnailUrl": "https://digital.loblaws.ca/PCX/20181392_EA/en/1/20181392_en_front_v2_120.png", "smallUrl": "https://digital.loblaws.ca/PCX/20181392_EA/en/1/20181392_en_front_v2_250.png", "mediumUrl": "https://digital.loblaws.ca/PCX/20181392_EA/en/1/20181392_en_front_v2_400.png", "largeUrl": "https://digital.loblaws.ca/PCX/20181392_EA/en/1/20181392_en_front_v2_800.png", "extraLargeUrl": "https://digital.loblaws.ca/PCX/20181392_EA/en/1/20181392_en_front_v2_1200.png", "smallRetinaUrl": "https://digital.loblaws.ca/PCX/20181392_EA/en/1/20181392_en_front_v2_250.png", "mediumRetinaUrl": "https://digital.loblaws.ca/PCX/20181392_EA/en/1/20181392_en_front_v2_400.png", "largeRetinaUrl": "https://digital.loblaws.ca/PCX/20181392_EA/en/1/20181392_en_front_v2_800.png"}], "brand": "Neilson", "title": "2% Microfiltered Milk", "description": "Fresh, wholesome milk… naturally from Neilson.Since 1893, Neilson has stood for high quality dairy products. Neilson has always been committed to using the best ingredients, people and processes to produce great tasting quality milk you can depend on. Always fresh, always delicious and always an excellent source of calcium, protein and vitamin D.", "packageSizing": "1 l, $0.37/100ml", "pricing": {"price": "3.68", "wasPrice": null, "displayPrice": "$3.68", "memberOnlyPrice": null, "mopDisplayPrice": null, "ehfTotal": null, "environmentalHandlingFee": null, "taxInfo": ""}, "pricingUnits": {"type": "SOLD_BY_EACH", "unit": "ea", "interval": 1, "minOrderQuantity": 1, "maxOrderQuantity": 24, "weighted": false}, "deal": null, "mopDeal": null, "pcoDeal": null, "inventoryIndicator": null, "offerType": "OG", "offerId": "OG", "action": null, "isVariant": false, "link": "/en/2-microfiltered-milk/p/20181392_EA", "productVendor": null, "productVariant": null, "textBadge": "", "variantTheme": null, "articleNumber": "20181392", "uom": "EA", "sponsoredCreative": null, "isSponsored": false, "isComplementarySponsored": false, "complementarySponsoredBadgeText": null, "productBadge": {"badgeId": "PREPARED_IN_CANADA", "badgeClass": "badge11", "text": "Prepared in Canada", "icon": {"url": "https://dis-prod.assetful.loblaw.ca/content/dam/loblaw-companies-limited/creative-assets/pc-optimum/global-list/maple-leaf-red.png", "altText": "", "placement": "LEFT"}}}}}
{"store": "Real Canadian Superstore", "site_slug": "realcanadiansuperstore", "source_url": "/search?search-bar=milk&page=1", "scrape_ts": "2026-01-02T05:17:50.959803Z", "external_id": "21424991_EA", "name": "PūrFiltre Milk 2% Partly Skimmed", "brand": "Lactantia", "size_text": "2 l, $0.29/100ml", "price": 5.8, "currency": "CAD", "unit_price": 0.29, "unit_price_uom": "100ml", "image_url": "https://digital.loblaws.ca/PCX/21424991_EA/en/1/21424991_enfr_front_v1_800.png", "category_path": null, "availability": "in_stock", "query_category": "milk", "raw_source": {"type": "next-data", "data": {"index": 21, "promotions": [], "productId": "21424991_EA", "productImage": [{"imageUrl": "https://digital.loblaws.ca/PCX/21424991_EA/en/1/21424991_enfr_front_v1_1200.png", "thumbnailUrl": "https://digital.loblaws.ca/PCX/21424991_EA/en/1/21424991_enfr_front_v1_120.png", "smallUrl": "https://digital.loblaws.ca/PCX/21424991_EA/en/1/21424991_enfr_front_v1_250.png", "mediumUrl": "https://digital.loblaws.ca/PCX/21424991_EA/en/1/21424991_enfr_front_v1_400.png", "largeUrl": "https://digital.loblaws.ca/PCX/21424991_EA/en/1/21424991_enfr_front_v1_800.png", "extraLargeUrl": "https://digital.loblaws.ca/PCX/21424991_EA/en/1/21424991_enfr_front_v1_1200.png", "smallRetinaUrl": "https://digital.loblaws.ca/PCX/21424991_EA/en/1/21424991_enfr_front_v1_250.png", "mediumRetinaUrl": "https://digital.loblaws.ca/PCX/21424991_EA/en/1/21424991_enfr_front_v1_400.png", "largeRetinaUrl": "https://digital.loblaws.ca/PCX/21424991_EA/en/1/21424991_enfr_front_v1_800.png"}], "brand": "Lactantia", "title": "PūrFiltre Milk 2% Partly Skimmed", "description": null, "packageSizing": "2 l, $0.29/100ml", "pricing": {"price": "5.80", "wasPrice": null, "displayPrice": "$5.80", "memberOnlyPrice": null, "mopDisplayPrice": null, "ehfTotal": null, "environmentalHandlingFee": null, "taxInfo": ""}, "pricingUnits": {"type": "SOLD_BY_EACH", "unit": "ea", "interval": 1, "minOrderQuantity": 1, "maxOrderQuantity": 24, "weighted": false}, "deal": null, "mopDeal": null, "pcoDeal": null, "inventoryIndicator": null, "offerType": "OG", "offerId": "OG", "action": null, "isVariant": false, "link": "/en/p-rfiltre-milk-2-partly-skimmed/p/21424991_EA", "productVendor": null, "productVariant": null, "textBadge": "", "variantTheme": null, "articleNumber": "21424991", "uom": "EA", "sponsoredCreative": null, "isSponsored": false, "isComplementarySponsored": false, "complementarySponsoredBadgeText": null, "productBadge": {"badgeId": "PREPARED_IN_CANADA", "badgeClass": "badge11", "text": "Prepared in Canada", "icon": {"url": "https://dis-prod.assetful.loblaw.ca/content/dam/loblaw-companies-limited/creative-assets/pc-optimum/global-list/maple-leaf-red.png", "altText": "", "placement": "LEFT"}}}}}
{"store": "Real Canadian Superstore", "site_slug": "realcanadiansuperstore", "source_url": "/search?search-bar=milk&page=1", "scrape_ts": "2026-01-02T05:17:50.959803Z", "external_id": "21694606_EA", "name": "Ultrapur Protein Ultra-Filtered Milk 3.25%", "brand": "Lactantia", "size_text": "1.5 l, $0.43/100ml", "price": 6.49, "currency": "CAD", "unit_price": 0.43, "unit_price_uom": "100ml", "image_url": "https://digital.loblaws.ca/PCX/21694606_EA/en/1/21694606_en_front_v1_800.png", "category_path": null, "availability": "in_stock", "query_category": "milk", "raw_source": {"type": "next-data", "data": {"index": 22, "promotions": [], "productId": "21694606_EA", "productImage": [{"imageUrl": "https://digital.loblaws.ca/PCX/21694606_EA/en/1/21694606_en_front_v1_1200.png", "thumbnailUrl": "https://digital.loblaws.ca/PCX/21694606_EA/en/1/21694606_en_front_v1_120.png", "smallUrl": "https://digital.loblaws.ca/PCX/21694606_EA/en/1/21694606_en_front_v1_250.png", "mediumUrl": "https://digital.loblaws.ca/PCX/21694606_EA/en/1/21694606_en_front_v1_400.png", "largeUrl": "https://digital.loblaws.ca/PCX/21694606_EA/en/1/21694606_en_front_v1_800.png", "extraLargeUrl": "https://digital.loblaws.ca/PCX/21694606_EA/en/1/21694606_en_front_v1_1200.png", "smallRetinaUrl": "https://digital.loblaws.ca/PCX/21694606_EA/en/1/21694606_en_front_v1_250.png", "mediumRetinaUrl": "https://digital.loblaws.ca/PCX/21694606_EA/en/1/21694606_en_front_v1_400.png", "largeRetinaUrl": "https://digital.loblaws.ca/PCX/21694606_EA/en/1/21694606_en_front_v1_800.png"}], "brand": "Lactantia", "title": "Ultrapur Protein Ultra-Filtered Milk 3.25%", "description": "<p>Get more of what you want with Lactantia UltraPur Ultrafiltered Milk. Unlike regular milk, this whole high protein milk is also ideal for those who require lactose free milk. Sourced from Canadian dairies, every drop of this 3.25% high-protein milk is carefully filtered to provide a smooth, pure taste that stays fresh longer without preservatives. Source of 10 essential nutrients and no sugar added, this homogenized milk is a nutritious and delicious choice for the whole family. A delightful, refreshing choice on its own, with cereal, or in blended coffee drinks. Rediscover the power of farm-fresh flavour with ultrafiltered milk. Lactantia, for Milk Connoisseurs!</p><ul><li>Made with ultrafiltered milk that stays fresh longer without preservatives</li><li>100% Canadian milk from Canadian dairies</li><li>20g of protein per serving</li><li>Lactose free</li><li>3.25% M.F.</li><li>Source of 10 essential nutrients</li><li>No added sugar</li><li>1.5 L</li></ul>", "packageSizing": "1.5 l, $0.43/100ml", "pricing": {"price": "6.49", "wasPrice": null, "displayPrice": "$6.49", "memberOnlyPrice": null, "mopDisplayPrice": null, "ehfTotal": null, "environmentalHandlingFee": null, "taxInfo": ""}, "pricingUnits": {"type": "SOLD_BY_EACH", "unit": "ea", "interval": 1, "minOrderQuantity": 1, "maxOrderQuantity": 25, "weighted": false}, "deal": null, "mopDeal": null, "pcoDeal": null, "inventoryIndicator": {"indicatorId": "LOW", "text": "Low Stock"}, "offerType": "OG", "offerId": "OG", "action": null, "isVariant": false, "link": "/en/ultrapur-protein-ultra-filtered-milk-3-25/p/21694606_EA", "productVendor": null, "productVariant": null, "textBadge": "low-inventory", "variantTheme": null, "articleNumber": "21694606", "uom": "EA", "sponsoredCreative": null, "isSponsored": false, "isComplementarySponsored": false, "complementarySponsoredBadgeText": null, "productBadge": null}}}
{"store": "Real Canadian Superstore", "site_slug": "realcanadiansuperstore", "source_url": "/search?search-bar=milk&page=1", "scrape_ts": "2026-01-02T05:17:50.959803Z", "external_id": "21425018_EA", "name": "Purfiltre Partially Skimmed Milk 1%", "brand": "Lactantia", "size_text": "2 l, $0.29/100ml", "price": 5.8, "currency": "CAD", "unit_price": 0.29, "unit_price_uom": "100ml", "image_url": "https://digital.loblaws.ca/PCX/21425018_EA/en/1/21425018_en_front_v1_800.png", "category_path": null, "availability": "in_stock", "query_category": "milk", "raw_source": {"type": "next-data", "data": {"index": 23, "promotions": [], "productId": "21425018_EA", "productImage": [{"imageUrl": "https://digital.loblaws.ca/PCX/21425018_EA/en/1/21425018_en_front_v1_1200.png", "thumbnailUrl": "https://digital.loblaws.ca/PCX/21425018_EA/en/1/21425018_en_front_v1_120.png", "smallUrl": "https://digital.loblaws.ca/PCX/21425018_EA/en/1/21425018_en_front_v1_250.png", "mediumUrl": "https://digital.loblaws.ca/PCX/21425018_EA/en/1/21425018_en_front_v1_400.png", "largeUrl": "https://digital.loblaws.ca/PCX/21425018_EA/en/1/21425018_en_front_v1_800.png", "extraLargeUrl": "https://digital.loblaws.ca/PCX/21425018_EA/en/1/21425018_en_front_v1_1200.png", "smallRetinaUrl": "https://digital.loblaws.ca/PCX/21425018_EA/en/1/21425018_en_front_v1_250.png", "mediumRetinaUrl": "https://digital.loblaws.ca/PCX/21425018_EA/en/1/21425018_en_front_v1_400.png", "largeRetinaUrl": "https://digital.loblaws.ca/PCX/21425018_EA/en/1/21425018_en_front_v1_800.png"}], "brand": "Lactantia", "title": "Purfiltre Partially Skimmed Milk 1%", "description": "<p>Taste the goodness every day with Lactantia PurFiltre 1% Filtered Partially Skimmed Milk. Sourced from Canadian dairies, every drop of this 100% Canadian milk is carefully filtered to provide a smooth, pure taste that stays fresh longer without preservatives. Source of calcium and protein, this low fat milk also contains vitamins A and D, making it a nutritious and delicious choice for the whole family. A delightful, refreshing choice on its own, with cereal, or in blended coffee drinks. Rediscover the farm-fresh flavour of fine filtered milk. Lactantia, for Milk Connoisseurs!</p><ul><li>Smooth and delicious filtered milk that stays fresh longer without preservatives</li><li>100% Canadian milk from Canadian dairies</li><li>Reduced fat, partially skimmed milk with 1% M.F.</li><li>Good source of calcium</li><li>9 g of protein per serving</li><li>Vitamins A & D</li><li>2 L</li></ul>", "packageSizing": "2 l, $0.29/100ml", "pricing": {"price": "5.80", "wasPrice": null, "displayPrice": "$5.80", "memberOnlyPrice": null, "mopDisplayPrice": null, "ehfTotal": null, "environmentalHandlingFee": null, "taxInfo": ""}, "pricingUnits": {"type": "SOLD_BY_EACH", "unit": "ea", "interval": 1, "minOrderQuantity": 1, "maxOrderQuantity": 24, "weighted": false}, "deal": null, "mopDeal": null, "pcoDeal": null, "inventoryIndicator": null, "offerType": "OG", "offerId": "OG", "action": null, "isVariant": false, "link": "/en/purfiltre-partially-skimmed-milk-1/p/21425018_EA", "productVendor": null, "productVariant": null, "textBadge": "", "variantTheme": null, "articleNumber": "21425018", "uom": "EA", "sponsoredCreative": null, "isSponsored": false, "isComplementarySponsored": false, "complementarySponsoredBadgeText": null, "productBadge": {"badgeId": "PREPARED_IN_CANADA", "badgeClass": "badge11", "text": "Prepared in Canada", "icon": {"url": "https://dis-prod.assetful.loblaw.ca/content/dam/loblaw-companies-limited/creative-assets/pc-optimum/global-list/maple-leaf-red.png", "altText": "", "placement": "LEFT"}}}}}
{"store": "Real Canadian Superstore", "site_slug": "realcanadiansuperstore", "source_url": "/search?search-bar=milk&page=1", "scrape_ts": "2026-01-02T05:17:50.959803Z", "external_id": "20077874001_EA", "name": "Lactose Free 2% Dairy Product", "brand": "Natrel", "size_text": "2 l, $0.33/100ml", "price": 6.5, "currency": "CAD", "unit_price": 0.33, "unit_price_uom": "100ml", "image_url": "https://digital.loblaws.ca/PCX/20077874001_EA/en/1/20077874001_en_front_800.png", "category_path": null, "availability": "in_stock", "query_category": "milk", "raw_source": {"type": "next-data", "data": {"index": 24, "promotions": [], "productId": "20077874001_EA", "productImage": [{"imageUrl": "https://digital.loblaws.ca/PCX/20077874001_EA/en/1/20077874001_en_front_1200.png", "thumbnailUrl": "https://digital.loblaws.ca/PCX/20077874001_EA/en/1/20077874001_en_front_120.png", "smallUrl": "https://digital.loblaws.ca/PCX/20077874001_EA/en/1/20077874001_en_front_250.png", "mediumUrl": "https://digital.loblaws.ca/PCX/20077874001_EA/en/1/20077874001_en_front_400.png", "largeUrl": "https://digital.loblaws.ca/PCX/20077874001_EA/en/1/20077874001_en_front_800.png", "extraLargeUrl": "https://digital.loblaws.ca/PCX/20077874001_EA/en/1/20077874001_en_front_1200.png", "smallRetinaUrl": "https://digital.loblaws.ca/PCX/20077874001_EA/en/1/20077874001_en_front_250.png", "mediumRetinaUrl": "https://digital.loblaws.ca/PCX/20077874001_EA/en/1/20077874001_en_front_400.png", "largeRetinaUrl": "https://digital.loblaws.ca/PCX/20077874001_EA/en/1/20077874001_en_front_800.png"}], "brand": "Natrel", "title": "Lactose Free 2% Dairy Product", "description": "Through our unique process, we can preserve the deliciously pure taste of fresh milk in every glass of our products, while removing the lactose that can cause you discomfort. So you can once again benefit from an excellent source of calcium, vitamin D and protein, plus a source of vitamin A. That’s everything you need to maintain a well-balanced diet.", "packageSizing": "2 l, $0.33/100ml", "pricing": {"price": "6.50", "wasPrice": "$6.74", "displayPrice": "$6.50", "memberOnlyPrice": null, "mopDisplayPrice": null, "ehfTotal": null, "environmentalHandlingFee": null, "taxInfo": ""}, "pricingUnits": {"type": "SOLD_BY_EACH", "unit": "ea", "interval": 1, "minOrderQuantity": 1, "maxOrderQuantity": 24, "weighted": false}, "deal": {"type": "SALE", "text": "SAVE $0.24", "points": 0, "name": "SALE", "expiryDate": "2026-01-28T00:00:00Z", "dealPrice": null}, "mopDeal": null, "pcoDeal": null, "inventoryIndicator": null, "offerType": "OG", "offerId": "OG", "action": null, "isVariant": false, "link": "/en/lactose-free-2-dairy-product/p/20077874001_EA", "productVendor": null, "productVariant": null, "textBadge": "", "variantTheme": null, "articleNumber": "20077874001", "uom": "EA", "sponsoredCreative": null, "isSponsored": false, "isComplementarySponsored": false, "complementarySponsoredBadgeText": null, "productBadge": {"badgeId": "PREPARED_IN_CANADA", "badgeClass": "badge11", "text": "Prepared in Canada", "icon": {"url": "https://dis-prod.assetful.loblaw.ca/content/dam/loblaw-companies-limited/creative-assets/pc-optimum/global-list/maple-leaf-red.png", "altText": "", "placement": "LEFT"}}}}}
{"store": "Real Canadian Superstore", "site_slug": "realcanadiansuperstore", "source_url": "/search?search-bar=milk&page=1", "scrape_ts": "2026-01-02T05:17:50.959803Z", "external_id": "20131121_EA", "name": "3.25% Microfiltered Milk", "brand": "Neilson", "size_text": "2 l, $0.30/100ml", "price": 5.99, "currency": "CAD", "unit_price": 0.3, "unit_price_uom": "100ml", "image_url": "https://digital.loblaws.ca/PCX/20131121_EA/en/1/20131121_en_front_800.png", "category_path": null, "availability": "out_of_stock", "query_category": "milk", "raw_source": {"type": "next-data", "data": {"index": 25, "promotions": [], "productId": "20131121_EA", "productImage": [{"imageUrl": "https://digital.loblaws.ca/PCX/20131121_EA/en/1/20131121_en_front_1200.png", "thumbnailUrl": "https://digital.loblaws.ca/PCX/20131121_EA/en/1/20131121_en_front_120.png", "smallUrl": "https://digital.loblaws.ca/PCX/20131121_EA/en/1/20131121_en_front_250.png", "mediumUrl": "https://digital.loblaws.ca/PCX/20131121_EA/en/1/20131121_en_front_400.png", "largeUrl": "https://digital.loblaws.ca/PCX/20131121_EA/en/1/20131121_en_front_800.png", "extraLargeUrl": "https://digital.loblaws.ca/PCX/20131121_EA/en/1/20131121_en_front_1200.png", "smallRetinaUrl": "https://digital.loblaws.ca/PCX/20131121_EA/en/1/20131121_en_front_250.png", "mediumRetinaUrl": "https://digital.loblaws.ca/PCX/20131121_EA/en/1/20131121_en_front_400.png", "largeRetinaUrl": "https://digital.loblaws.ca/PCX/20131121_EA/en/1/20131121_en_front_800.png"}], "brand": "Neilson", "title": "3.25% Microfiltered Milk", "description": "Fresh, wholesome milk… naturally from Neilson.Since 1893, Neilson has stood for high quality dairy products. Neilson has always been committed to using the best ingredients, people and processes to produce great tasting quality milk you can depend on. Always fresh, always delicious and always an excellent source of calcium, protein and vitamin D.", "packageSizing": "2 l, $0.30/100ml", "pricing": {"price": "5.99", "wasPrice": null, "displayPrice": "$5.99", "memberOnlyPrice": null, "mopDisplayPrice": null, "ehfTotal": null, "environmentalHandlingFee": null, "taxInfo": ""}, "pricingUnits": {"type": "SOLD_BY_EACH", "unit": "ea", "interval": 1, "minOrderQuantity": 1, "maxOrderQuantity": 24, "weighted": false}, "deal": null, "mopDeal": null, "pcoDeal": null, "inventoryIndicator": {"indicatorId": "OUT", "text": "Out of Stock"}, "offerType": "OG", "offerId": "OG", "action": null, "isVariant": false, "link": "/en/3-25-microfiltered-milk/p/20131121_EA", "productVendor": null, "productVariant": null, "textBadge": "out-of-stock", "variantTheme": null, "articleNumber": "20131121", "uom": "EA", "sponsoredCreative": null, "isSponsored": false, "isComplementarySponsored": false, "complementarySponsoredBadgeText": null, "productBadge": {"badgeId": "PREPARED_IN_CANADA", "badgeClass": "badge11", "text": "Prepared in Canada", "icon": {"url": "https://dis-prod.assetful.loblaw.ca/content/dam/loblaw-companies-limited/creative-assets/pc-optimum/global-list/maple-leaf-red.png", "altText": "", "placement": "LEFT"}}}}}
{"store": "Real Canadian Superstore", "site_slug": "realcanadiansuperstore", "source_url": "/search?search-bar=milk&page=1", "scrape_ts": "2026-01-02T05:17:50.959803Z", "external_id": "20076709_EA", "name": "1% Milk", "brand": "Neilson", "size_text": "2 l, $0.27/100ml", "price": 5.32, "currency": "CAD", "unit_price": 0.27, "unit_price_uom": "100ml", "image_url": "https://digital.loblaws.ca/PCX/20076709_EA/en/1/20076709_en_front_800.png", "category_path": null, "availability": "in_stock", "query_category": "milk", "raw_source": {"type": "next-data", "data": {"index": 26, "promotions": [], "productId": "20076709_EA", "productImage": [{"imageUrl": "https://digital.loblaws.ca/PCX/20076709_EA/en/1/20076709_en_front_1200.png", "thumbnailUrl": "https://digital.loblaws.ca/PCX/20076709_EA/en/1/20076709_en_front_120.png", "smallUrl": "https://digital.loblaws.ca/PCX/20076709_EA/en/1/20076709_en_front_250.png", "mediumUrl": "https://digital.loblaws.ca/PCX/20076709_EA/en/1/20076709_en_front_400.png", "largeUrl": "https://digital.loblaws.ca/PCX/20076709_EA/en/1/20076709_en_front_800.png", "extraLargeUrl": "https://digital.loblaws.ca/PCX/20076709_EA/en/1/20076709_en_front_1200.png", "smallRetinaUrl": "https://digital.loblaws.ca/PCX/20076709_EA/en/1/20076709_en_front_250.png", "mediumRetinaUrl": "https://digital.loblaws.ca/PCX/20076709_EA/en/1/20076709_en_front_400.png", "largeRetinaUrl": "https://digital.loblaws.ca/PCX/20076709_EA/en/1/20076709_en_front_800.png"}], "brand": "Neilson", "title": "1% Milk", "description": "Fresh, wholesome milk… naturally from Neilson.Since 1893, Neilson has stood for high quality dairy products. Neilson has always been committed to using the best ingredients, people and processes to produce great tasting quality milk you can depend on. Always fresh, always delicious and always an excellent source of calcium, protein and vitamin D.", "packageSizing": "2 l, $0.27/100ml", "pricing": {"price": "5.32", "wasPrice": null, "displayPrice": "$5.32", "memberOnlyPrice": null, "mopDisplayPrice": null, "ehfTotal": null, "environmentalHandlingFee": null, "taxInfo": ""}, "pricingUnits": {"type": "SOLD_BY_EACH", "unit": "ea", "interval": 1, "minOrderQuantity": 1, "maxOrderQuantity": 24, "weighted": false}, "deal": null, "mopDeal": null, "pcoDeal": null, "inventoryIndicator": null, "offerType": "OG", "offerId": "OG", "action": null, "isVariant": false, "link": "/en/1-milk/p/20076709_EA", "productVendor": null, "productVariant": null, "textBadge": "", "variantTheme": null, "articleNumber": "20076709", "uom": "EA", "sponsoredCreative": null, "isSponsored": false, "isComplementarySponsored": false, "complementarySponsoredBadgeText": null, "productBadge": {"badgeId": "PREPARED_IN_CANADA", "badgeClass": "badge11", "text": "Prepared in Canada", "icon": {"url": "https://dis-prod.assetful.loblaw.ca/content/dam/loblaw-companies-limited/creative-assets/pc-optimum/global-list/maple-leaf-red.png", "altText": "", "placement": "LEFT"}}}}}
{"store": "Real Canadian Superstore", "site_slug": "realcanadiansuperstore", "source_url": "/search?search-bar=milk&page=1", "scrape_ts": "2026-01-02T05:17:50.959803Z", "external_id": "21128364_EA", "name": "Skim Milk", "brand": "Fairlife", "size_text": "1.5 l, $0.50/100ml", "price": 7.49, "currency": "CAD", "unit_price": 0.5, "unit_price_uom": "100ml", "image_url": "https://digital.loblaws.ca/PCX/21128364_EA/en/1/21128364_en_front_v3_800.png", "category_path": null, "availability": "in_stock", "query_category": "milk", "raw_source": {"type": "next-data", "data": {"index": 27, "promotions": [], "productId": "21128364_EA", "productImage": [{"imageUrl": "https://digital.loblaws.ca/PCX/21128364_EA/en/1/21128364_en_front_v3_1200.png", "thumbnailUrl": "https://digital.loblaws.ca/PCX/21128364_EA/en/1/21128364_en_front_v3_120.png", "smallUrl": "https://digital.loblaws.ca/PCX/21128364_EA/en/1/21128364_en_front_v3_250.png", "mediumUrl": "https://digital.loblaws.ca/PCX/21128364_EA/en/1/21128364_en_front_v3_400.png", "largeUrl": "https://digital.loblaws.ca/PCX/21128364_EA/en/1/21128364_en_front_v3_800.png", "extraLargeUrl": "https://digital.loblaws.ca/PCX/21128364_EA/en/1/21128364_en_front_v3_1200.png", "smallRetinaUrl": "https://digital.loblaws.ca/PCX/21128364_EA/en/1/21128364_en_front_v3_250.png", "mediumRetinaUrl": "https://digital.loblaws.ca/PCX/21128364_EA/en/1/21128364_en_front_v3_400.png", "largeRetinaUrl": "https://digital.loblaws.ca/PCX/21128364_EA/en/1/21128364_en_front_v3_800.png"}], "brand": "Fairlife", "title": "Skim Milk", "description": "<p>We are driven by a simple belief: we can always make the world better. Proper nourishment allows us all to grow and thrive. All our milk flows through soft filters to concentrate protein while filtering out half of the natural sugars. Our delicious fairlife ultra-filtered milk has 50% less sugar and 50% more protein than regular chocolate milk. Plus, there are no artificial growth hormones used and it's lactose-free. So sip, drink, and chug as you enjoy our delicious ultra-filtered milk, eh?</p><ul><li>Made with 100% quality Canadian milk</li><li>50% less sugar and 50% more protein than regular chocolate milk</li><li>Delicious, satisfying, and lactose-free</li><li>No artificial growth hormones used</li></ul>", "packageSizing": "1.5 l, $0.50/100ml", "pricing": {"price": "7.49", "wasPrice": null, "displayPrice": "$7.49", "memberOnlyPrice": null, "mopDisplayPrice": null, "ehfTotal": null, "environmentalHandlingFee": null, "taxInfo": ""}, "pricingUnits": {"type": "SOLD_BY_EACH", "unit": "ea", "interval": 1, "minOrderQuantity": 1, "maxOrderQuantity": 24, "weighted": false}, "deal": null, "mopDeal": null, "pcoDeal": null, "inventoryIndicator": null, "offerType": "OG", "offerId": "OG", "action": null, "isVariant": false, "link": "/en/skim-milk/p/21128364_EA", "productVendor": null, "productVariant": null, "textBadge": "", "variantTheme": null, "articleNumber": "21128364", "uom": "EA", "sponsoredCreative": null, "isSponsored": false, "isComplementarySponsored": false, "complementarySponsoredBadgeText": null, "productBadge": {"badgeId": "PREPARED_IN_CANADA", "badgeClass": "badge11", "text": "Prepared in Canada", "icon": {"url": "https://dis-prod.assetful.loblaw.ca/content/dam/loblaw-companies-limited/creative-assets/pc-optimum/global-list/maple-leaf-red.png", "altText": "", "placement": "LEFT"}}}}}
{"store": "Real Canadian Superstore", "site_slug": "realcanadiansuperstore", "source_url": "/search?search-bar=milk&page=1", "scrape_ts": "2026-01-02T05:17:50.959803Z", "external_id": "20178677_EA", "name": "3.25% Homogenized Milk", "brand": "Neilson", "size_text": "1 l, $0.38/100ml", "price": 3.81, "currency": "CAD", "unit_price": 0.38, "unit_price_uom": "100ml", "image_url": "https://digital.loblaws.ca/PCX/20178677_EA/en/1/20178677_en_front_800.png", "category_path": null, "availability": "in_stock", "query_category": "milk", "raw_source": {"type": "next-data", "data": {"index": 28, "promotions": [], "productId": "20178677_EA", "productImage": [{"imageUrl": "https://digital.loblaws.ca/PCX/20178677_EA/en/1/20178677_en_front_1200.png", "thumbnailUrl": "https://digital.loblaws.ca/PCX/20178677_EA/en/1/20178677_en_front_120.png", "smallUrl": "https://digital.loblaws.ca/PCX/20178677_EA/en/1/20178677_en_front_250.png", "mediumUrl": "https://digital.loblaws.ca/PCX/20178677_EA/en/1/20178677_en_front_400.png", "largeUrl": "https://digital.loblaws.ca/PCX/20178677_EA/en/1/20178677_en_front_800.png", "extraLargeUrl": "https://digital.loblaws.ca/PCX/20178677_EA/en/1/20178677_en_front_1200.png", "smallRetinaUrl": "https://digital.loblaws.ca/PCX/20178677_EA/en/1/20178677_en_front_250.png", "mediumRetinaUrl": "https://digital.loblaws.ca/PCX/20178677_EA/en/1/20178677_en_front_400.png", "largeRetinaUrl": "https://digital.loblaws.ca/PCX/20178677_EA/en/1/20178677_en_front_800.png"}], "brand": "Neilson", "title": "3.25% Homogenized Milk", "description": "Fresh, wholesome milk… naturally from Neilson.Since 1893, Neilson has stood for high quality dairy products. Neilson has always been committed to using the best ingredients, people and processes to produce great tasting quality milk you can depend on. Always fresh, always delicious and always an excellent source of calcium, protein and vitamin D.", "packageSizing": "1 l, $0.38/100ml", "pricing": {"price": "3.81", "wasPrice": null, "displayPrice": "$3.81", "memberOnlyPrice": null, "mopDisplayPrice": null, "ehfTotal": null, "environmentalHandlingFee": null, "taxInfo": ""}, "pricingUnits": {"type": "SOLD_BY_EACH", "unit": "ea", "interval": 1, "minOrderQuantity": 1, "maxOrderQuantity": 24, "weighted": false}, "deal": null, "mopDeal": null, "pcoDeal": null, "inventoryIndicator": null, "offerType": "OG", "offerId": "OG", "action": null, "isVariant": false, "link": "/en/3-25-homogenized-milk/p/20178677_EA", "productVendor": null, "productVariant": null, "textBadge": "", "variantTheme": null, "articleNumber": "20178677", "uom": "EA", "sponsoredCreative": null, "isSponsored": false, "isComplementarySponsored": false, "complementarySponsoredBadgeText": null, "productBadge": {"badgeId": "PREPARED_IN_CANADA", "badgeClass": "badge11", "text": "Prepared in Canada", "icon": {"url": "https://dis-prod.assetful.loblaw.ca/content/dam/loblaw-companies-limited/creative-assets/pc-optimum/global-list/maple-leaf-red.png", "altText": "", "placement": "LEFT"}}}}}
{"store": "Real Canadian Superstore", "site_slug": "realcanadiansuperstore", "source_url": "/search?search-bar=milk&page=1", "scrape_ts": "2026-01-02T05:17:50.959803Z", "external_id": "21694529_EA", "name": "Ultrapur Protein Ultra-Filtered Milk 0%", "brand": "Lactantia", "size_text": "1.5 l, $0.43/100ml", "price": 6.49, "currency": "CAD", "unit_price": 0.43, "unit_price_uom": "100ml", "image_url": "https://digital.loblaws.ca/PCX/21694529_EA/en/1/21694529_en_front_v1_800.png", "category_path": null, "availability": "in_stock", "query_category": "milk", "raw_source": {"type": "next-data", "data": {"index": 29, "promotions": [], "productId": "21694529_EA", "productImage": [{"imageUrl": "https://digital.loblaws.ca/PCX/21694529_EA/en/1/21694529_en_front_v1_1200.png", "thumbnailUrl": "https://digital.loblaws.ca/PCX/21694529_EA/en/1/21694529_en_front_v1_120.png", "smallUrl": "https://digital.loblaws.ca/PCX/21694529_EA/en/1/21694529_en_front_v1_250.png", "mediumUrl": "https://digital.loblaws.ca/PCX/21694529_EA/en/1/21694529_en_front_v1_400.png", "largeUrl": "https://digital.loblaws.ca/PCX/21694529_EA/en/1/21694529_en_front_v1_800.png", "extraLargeUrl": "https://digital.loblaws.ca/PCX/21694529_EA/en/1/21694529_en_front_v1_1200.png", "smallRetinaUrl": "https://digital.loblaws.ca/PCX/21694529_EA/en/1/21694529_en_front_v1_250.png", "mediumRetinaUrl": "https://digital.loblaws.ca/PCX/21694529_EA/en/1/21694529_en_front_v1_400.png", "largeRetinaUrl": "https://digital.loblaws.ca/PCX/21694529_EA/en/1/21694529_en_front_v1_800.png"}], "brand": "Lactantia", "title": "Ultrapur Protein Ultra-Filtered Milk 0%", "description": "<p>Get more of what you want with Lactantia UltraPur Ultrafiltered Milk. Unlike regular milk, this skimmed high protein milk is also ideal for those who require lactose free milk. Sourced from Canadian dairies, every drop of this 0% high-protein milk is carefully filtered to provide a smooth, pure taste that stays fresh longer without preservatives. Source of 10 essential nutrients and no sugar added, this fat-free milk is a nutritious and delicious choice for the whole family. A delightful, refreshing choice on its own, with cereal, or in blended coffee drinks. Rediscover the power of farm-fresh flavour with ultrafiltered milk. Lactantia, for Milk Connoisseurs!</p><ul><li>Made with ultrafiltered milk that stays fresh longer without preservatives</li><li>100% Canadian milk from Canadian dairies</li><li>20g of protein per serving</li><li>Lactose free</li><li>0% M.F.</li><li>Source of 10 essential nutrients</li><li>No added sugar</li><li>1.5 L</li></ul>", "packageSizing": "1.5 l, $0.43/100ml", "pricing": {"price": "6.49", "wasPrice": null, "displayPrice": "$6.49", "memberOnlyPrice": null, "mopDisplayPrice": null, "ehfTotal": null, "environmentalHandlingFee": null, "taxInfo": ""}, "pricingUnits": {"type": "SOLD_BY_EACH", "unit": "ea", "interval": 1, "minOrderQuantity": 1, "maxOrderQuantity": 25, "weighted": false}, "deal": null, "mopDeal": null, "pcoDeal": null, "inventoryIndicator": null, "offerType": "OG", "offerId": "OG", "action": null, "isVariant": false, "link": "/en/ultrapur-protein-ultra-filtered-milk-0/p/21694529_EA", "productVendor": null, "productVariant": null, "textBadge": "", "variantTheme": null, "articleNumber": "21694529", "uom": "EA", "sponsoredCreative": null, "isSponsored": false, "isComplementarySponsored": false, "complementarySponsoredBadgeText": null, "productBadge": null}}}
{"store": "Real Canadian Superstore", "site_slug": "realcanadiansuperstore", "source_url": "/search?search-bar=milk&page=1", "scrape_ts": "2026-01-02T05:17:50.959803Z", "external_id": "21163394_EA", "name": "2% Ultrafiltered Partly Skimmed Milk", "brand": "Neilson", "size_text": "1 l, $0.40/100ml", "price": 4.0, "currency": "CAD", "unit_price": 0.4, "unit_price_uom": "100ml", "image_url": "https://digital.loblaws.ca/PCX/21163394_EA/en/1/21163394_en_front_v2_800.png", "category_path": null, "availability": "in_stock", "query_category": "milk", "raw_source": {"type": "next-data", "data": {"index": 30, "promotions": [], "productId": "21163394_EA", "productImage": [{"imageUrl": "https://digital.loblaws.ca/PCX/21163394_EA/en/1/21163394_en_front_v2_1200.png", "thumbnailUrl": "https://digital.loblaws.ca/PCX/21163394_EA/en/1/21163394_en_front_v2_120.png", "smallUrl": "https://digital.loblaws.ca/PCX/21163394_EA/en/1/21163394_en_front_v2_250.png", "mediumUrl": "https://digital.loblaws.ca/PCX/21163394_EA/en/1/21163394_en_front_v2_400.png", "largeUrl": "https://digital.loblaws.ca/PCX/21163394_EA/en/1/21163394_en_front_v2_800.png", "extraLargeUrl": "https://digital.loblaws.ca/PCX/21163394_EA/en/1/21163394_en_front_v2_1200.png", "smallRetinaUrl": "https://digital.loblaws.ca/PCX/21163394_EA/en/1/21163394_en_front_v2_250.png", "mediumRetinaUrl": "https://digital.loblaws.ca/PCX/21163394_EA/en/1/21163394_en_front_v2_400.png", "largeRetinaUrl": "https://digital.loblaws.ca/PCX/21163394_EA/en/1/21163394_en_front_v2_800.png"}], "brand": "Neilson", "title": "2% Ultrafiltered Partly Skimmed Milk", "description": "<p>Neilson. Part of your family since 1893.Neilson Ultrafiltered Partly Skimmed Milk offers a smooth, balanced taste with the power of 18 grams of protein from milk in every 250 mL serving. Made from 100% Canadian milk, it’s crafted using a fine filtration process that concentrates natural protein and reduces lactose. The result is a creamy, satisfying drink enriched with milk protein concentrate and no added sugar.</p>", "packageSizing": "1 l, $0.40/100ml", "pricing": {"price": "4.00", "wasPrice": "$4.83", "displayPrice": "$4.00", "memberOnlyPrice": null, "mopDisplayPrice": null, "ehfTotal": null, "environmentalHandlingFee": null, "taxInfo": ""}, "pricingUnits": {"type": "SOLD_BY_EACH", "unit": "ea", "interval": 1, "minOrderQuantity": 1, "maxOrderQuantity": 24, "weighted": false}, "deal": {"type": "SALE", "text": "SAVE $0.83", "points": 0, "name": "SALE", "expiryDate": "2026-01-07T00:00:00Z", "dealPrice": null}, "mopDeal": null, "pcoDeal": null, "inventoryIndicator": null, "offerType": "OG", "offerId": "OG", "action": null, "isVariant": false, "link": "/en/2-ultrafiltered-partly-skimmed-milk/p/21163394_EA", "productVendor": null, "productVariant": null, "textBadge": "", "variantTheme": null, "articleNumber": "21163394", "uom": "EA", "sponsoredCreative": null, "isSponsored": false, "isComplementarySponsored": false, "complementarySponsoredBadgeText": null, "productBadge": {"badgeId": "PREPARED_IN_CANADA", "badgeClass": "badge11", "text": "Prepared in Canada", "icon": {"url": "https://dis-prod.assetful.loblaw.ca/content/dam/loblaw-companies-limited/creative-assets/pc-optimum/global-list/maple-leaf-red.png", "altText": "", "placement": "LEFT"}}}}}
{"store": "Real Canadian Superstore", "site_slug": "realcanadiansuperstore", "source_url": "/search?search-bar=milk&page=1", "scrape_ts": "2026-01-02T05:17:50.959803Z", "external_id": "21537885_EA", "name": "2% Partly Skimmed Milk", "brand": "Milk 2 Go", "size_text": "6x200.0 ml, $0.54/100ml", "price": 6.49, "currency": "CAD", "unit_price": 0.54, "unit_price_uom": "100ml", "image_url": "https://digital.loblaws.ca/PCX/21537885_EA/en/1/21537885_en_front_800.png", "category_path": null, "availability": "in_stock", "query_category": "milk", "raw_source": {"type": "next-data", "data": {"index": 31, "promotions": [], "productId": "21537885_EA", "productImage": [{"imageUrl": "https://digital.loblaws.ca/PCX/21537885_EA/en/1/21537885_en_front_1200.png", "thumbnailUrl": "https://digital.loblaws.ca/PCX/21537885_EA/en/1/21537885_en_front_120.png", "smallUrl": "https://digital.loblaws.ca/PCX/21537885_EA/en/1/21537885_en_front_250.png", "mediumUrl": "https://digital.loblaws.ca/PCX/21537885_EA/en/1/21537885_en_front_400.png", "largeUrl": "https://digital.loblaws.ca/PCX/21537885_EA/en/1/21537885_en_front_800.png", "extraLargeUrl": "https://digital.loblaws.ca/PCX/21537885_EA/en/1/21537885_en_front_1200.png", "smallRetinaUrl": "https://digital.loblaws.ca/PCX/21537885_EA/en/1/21537885_en_front_250.png", "mediumRetinaUrl": "https://digital.loblaws.ca/PCX/21537885_EA/en/1/21537885_en_front_400.png", "largeRetinaUrl": "https://digital.loblaws.ca/PCX/21537885_EA/en/1/21537885_en_front_800.png"}], "brand": "Milk 2 Go", "title": "2% Partly Skimmed Milk", "description": "It’s best buds with cookies, cake and pretty much all desserts. And it fits into the cup holder of your car. So much to love. Milk2Go is the right balance of fun and convenience. This playful brand offers a variety of flavours of bottled fresh milk to take on the go. We are committed to providing nutritious, delicious, Canadian-produced milk with no preservatives.  Milk2Go, the perfect on the go snack for everyone.", "packageSizing": "6x200.0 ml, $0.54/100ml", "pricing": {"price": "6.49", "wasPrice": null, "displayPrice": "$6.49", "memberOnlyPrice": null, "mopDisplayPrice": null, "ehfTotal": null, "environmentalHandlingFee": null, "taxInfo": ""}, "pricingUnits": {"type": "SOLD_BY_EACH", "unit": "ea", "interval": 1, "minOrderQuantity": 1, "maxOrderQuantity": 24, "weighted": false}, "deal": null, "mopDeal": null, "pcoDeal": null, "inventoryIndicator": null, "offerType": "OG", "offerId": "OG", "action": null, "isVariant": false, "link": "/en/2-partly-skimmed-milk/p/21537885_EA", "productVendor": null, "productVariant": null, "textBadge": "", "variantTheme": null, "articleNumber": "21537885", "uom": "EA", "sponsoredCreative": null, "isSponsored": false, "isComplementarySponsored": false, "complementarySponsoredBadgeText": null, "productBadge": {"badgeId": "PREPARED_IN_CANADA", "badgeClass": "badge11", "text": "Prepared in Canada", "icon": {"url": "https://dis-prod.assetful.loblaw.ca/content/dam/loblaw-companies-limited/creative-assets/pc-optimum/global-list/maple-leaf-red.png", "altText": "", "placement": "LEFT"}}}}}
{"store": "Real Canadian Superstore", "site_slug": "realcanadiansuperstore", "source_url": "/search?search-bar=milk&page=1", "scrape_ts": "2026-01-02T05:17:50.959803Z", "external_id": "21212714_EA", "name": "Grass Fed 3.8% Milk", "brand": "Rolling Meadow", "size_text": "2 l, $0.37/100ml", "price": 7.49, "currency": "CAD", "unit_price": 0.37, "unit_price_uom": "100ml", "image_url": "https://digital.loblaws.ca/PCX/21212714_EA/en/1/6232580038_en_front_centre_marketing_GS1_Ecommerce_800.png", "category_path": null, "availability": "in_stock", "query_category": "milk", "raw_source": {"type": "next-data", "data": {"index": 32, "promotions": [], "productId": "21212714_EA", "productImage": [{"imageUrl": "https://digital.loblaws.ca/PCX/21212714_EA/en/1/6232580038_en_front_centre_marketing_GS1_Ecommerce_1200.png", "thumbnailUrl": "https://digital.loblaws.ca/PCX/21212714_EA/en/1/6232580038_en_front_centre_marketing_GS1_Ecommerce_120.png", "smallUrl": "https://digital.loblaws.ca/PCX/21212714_EA/en/1/6232580038_en_front_centre_marketing_GS1_Ecommerce_250.png", "mediumUrl": "https://digital.loblaws.ca/PCX/21212714_EA/en/1/6232580038_en_front_centre_marketing_GS1_Ecommerce_400.png", "largeUrl": "https://digital.loblaws.ca/PCX/21212714_EA/en/1/6232580038_en_front_centre_marketing_GS1_Ecommerce_800.png", "extraLargeUrl": "https://digital.loblaws.ca/PCX/21212714_EA/en/1/6232580038_en_front_centre_marketing_GS1_Ecommerce_1200.png", "smallRetinaUrl": "https://digital.loblaws.ca/PCX/21212714_EA/en/1/6232580038_en_front_centre_marketing_GS1_Ecommerce_250.png", "mediumRetinaUrl": "https://digital.loblaws.ca/PCX/21212714_EA/en/1/6232580038_en_front_centre_marketing_GS1_Ecommerce_400.png", "largeRetinaUrl": "https://digital.loblaws.ca/PCX/21212714_EA/en/1/6232580038_en_front_centre_marketing_GS1_Ecommerce_800.png"}], "brand": "Rolling Meadow", "title": "Grass Fed 3.8% Milk", "description": "Elevate your daily routine with Grass Fed 3. 8 % Milk from Rolling Meadow. Make a creamy morning coffee or whip up a comforting homemade pudding, all while enjoying the rich texture and flavour. This milk promises to be a great addition to your kitchen staples, perfect for various everyday recipes.", "packageSizing": "2 l, $0.37/100ml", "pricing": {"price": "7.49", "wasPrice": "$8.49", "displayPrice": "$7.49", "memberOnlyPrice": null, "mopDisplayPrice": null, "ehfTotal": null, "environmentalHandlingFee": null, "taxInfo": ""}, "pricingUnits": {"type": "SOLD_BY_EACH", "unit": "ea", "interval": 1, "minOrderQuantity": 1, "maxOrderQuantity": 24, "weighted": false}, "deal": {"type": "SALE", "text": "SAVE $1.00", "points": 0, "name": "SALE", "expiryDate": "2026-01-28T00:00:00Z", "dealPrice": null}, "mopDeal": null, "pcoDeal": null, "inventoryIndicator": null, "offerType": "OG", "offerId": "OG", "action": null, "isVariant": false, "link": "/en/grass-fed-3-8-milk/p/21212714_EA", "productVendor": null, "productVariant": null, "textBadge": "", "variantTheme": null, "articleNumber": "21212714", "uom": "EA", "sponsoredCreative": null, "isSponsored": false, "isComplementarySponsored": false, "complementarySponsoredBadgeText": null, "productBadge": {"badgeId": "PREPARED_IN_CANADA", "badgeClass": "badge11", "text": "Prepared in Canada", "icon": {"url": "https://dis-prod.assetful.loblaw.ca/content/dam/loblaw-companies-limited/creative-assets/pc-optimum/global-list/maple-leaf-red.png", "altText": "", "placement": "LEFT"}}}}}
{"store": "Real Canadian Superstore", "site_slug": "realcanadiansuperstore", "source_url": "/search?search-bar=milk&page=1", "scrape_ts": "2026-01-02T05:17:50.959803Z", "external_id": "21128371_EA", "name": "Chocolate Milk", "brand": "Fairlife", "size_text": "1.5 l, $0.50/100ml", "price": 7.49, "currency": "CAD", "unit_price": 0.5, "unit_price_uom": "100ml", "image_url": "https://digital.loblaws.ca/PCX/21128371_EA/en/1/21128371_en_front_v2_800.png", "category_path": null, "availability": "in_stock", "query_category": "milk", "raw_source": {"type": "next-data", "data": {"index": 33, "promotions": [], "productId": "21128371_EA", "productImage": [{"imageUrl": "https://digital.loblaws.ca/PCX/21128371_EA/en/1/21128371_en_front_v2_1200.png", "thumbnailUrl": "https://digital.loblaws.ca/PCX/21128371_EA/en/1/21128371_en_front_v2_120.png", "smallUrl": "https://digital.loblaws.ca/PCX/21128371_EA/en/1/21128371_en_front_v2_250.png", "mediumUrl": "https://digital.loblaws.ca/PCX/21128371_EA/en/1/21128371_en_front_v2_400.png", "largeUrl": "https://digital.loblaws.ca/PCX/21128371_EA/en/1/21128371_en_front_v2_800.png", "extraLargeUrl": "https://digital.loblaws.ca/PCX/21128371_EA/en/1/21128371_en_front_v2_1200.png", "smallRetinaUrl": "https://digital.loblaws.ca/PCX/21128371_EA/en/1/21128371_en_front_v2_250.png", "mediumRetinaUrl": "https://digital.loblaws.ca/PCX/21128371_EA/en/1/21128371_en_front_v2_400.png", "largeRetinaUrl": "https://digital.loblaws.ca/PCX/21128371_EA/en/1/21128371_en_front_v2_800.png"}], "brand": "Fairlife", "title": "Chocolate Milk", "description": "<p>We are driven by a simple belief: we can always make the world better. Proper nourishment allows us all to grow and thrive. All our milk flows through soft filters to concentrate protein while filtering out half of the natural sugars. Our delicious fairlife ultra-filtered milk has 50% less sugar and 50% more protein than regular chocolate milk. Plus, there are no artificial growth hormones used and it's lactose-free. So sip, drink, and chug as you enjoy our delicious ultra-filtered milk, eh?</p><ul><li>Made with 100% quality Canadian milk</li><li>50% less sugar and 50% more protein than regular chocolate milk</li><li>Delicious, satisfying, and lactose-free</li><li>No artificial growth hormones used</li></ul>", "packageSizing": "1.5 l, $0.50/100ml", "pricing": {"price": "7.49", "wasPrice": null, "displayPrice": "$7.49", "memberOnlyPrice": null, "mopDisplayPrice": null, "ehfTotal": null, "environmentalHandlingFee": null, "taxInfo": ""}, "pricingUnits": {"type": "SOLD_BY_EACH", "unit": "ea", "interval": 1, "minOrderQuantity": 1, "maxOrderQuantity": 24, "weighted": false}, "deal": null, "mopDeal": null, "pcoDeal": null, "inventoryIndicator": null, "offerType": "OG", "offerId": "OG", "action": null, "isVariant": false, "link": "/en/chocolate-milk/p/21128371_EA", "productVendor": null, "productVariant": null, "textBadge": "", "variantTheme": null, "articleNumber": "21128371", "uom": "EA", "sponsoredCreative": null, "isSponsored": false, "isComplementarySponsored": false, "complementarySponsoredBadgeText": null, "productBadge": {"badgeId": "PREPARED_IN_CANADA", "badgeClass": "badge11", "text": "Prepared in Canada", "icon": {"url": "https://dis-prod.assetful.loblaw.ca/content/dam/loblaw-companies-limited/creative-assets/pc-optimum/global-list/maple-leaf-red.png", "altText": "", "placement": "LEFT"}}}}}
{"store": "Real Canadian Superstore", "site_slug": "realcanadiansuperstore", "source_url": "/search?search-bar=milk&page=1", "scrape_ts": "2026-01-02T05:17:50.959803Z", "external_id": "21554369_EA", "name": "2% Protein Milk Beverage", "brand": "Neilson", "size_text": "1.89 l, $0.39/100ml", "price": 7.43, "currency": "CAD", "unit_price": 0.39, "unit_price_uom": "100ml", "image_url": "https://digital.loblaws.ca/PCX/21554369_EA/en/1/21554369_en_front_800.png", "category_path": null, "availability": "out_of_stock", "query_category": "milk", "raw_source": {"type": "next-data", "data": {"index": 34, "promotions": [], "productId": "21554369_EA", "productImage": [{"imageUrl": "https://digital.loblaws.ca/PCX/21554369_EA/en/1/21554369_en_front_1200.png", "thumbnailUrl": "https://digital.loblaws.ca/PCX/21554369_EA/en/1/21554369_en_front_120.png", "smallUrl": "https://digital.loblaws.ca/PCX/21554369_EA/en/1/21554369_en_front_250.png", "mediumUrl": "https://digital.loblaws.ca/PCX/21554369_EA/en/1/21554369_en_front_400.png", "largeUrl": "https://digital.loblaws.ca/PCX/21554369_EA/en/1/21554369_en_front_800.png", "extraLargeUrl": "https://digital.loblaws.ca/PCX/21554369_EA/en/1/21554369_en_front_1200.png", "smallRetinaUrl": "https://digital.loblaws.ca/PCX/21554369_EA/en/1/21554369_en_front_250.png", "mediumRetinaUrl": "https://digital.loblaws.ca/PCX/21554369_EA/en/1/21554369_en_front_400.png", "largeRetinaUrl": "https://digital.loblaws.ca/PCX/21554369_EA/en/1/21554369_en_front_800.png"}], "brand": "Neilson", "title": "2% Protein Milk Beverage", "description": "Fill up with 18goodnessWait until you taste our Neilson product providing 18 g of protein per 250 mL serving!It is a source of 9 essential nutrients and has no added sugar. It is made with Canadian Milk for a fresh taste! So you can pair it with a sweet treat, guilt-free! Neilson 2% Dairy Protein Beverage provides 18 g of protein (2X more protein than regular milk), is a source of essential nutrients and has no added sugar. It is made with Canadian milk for a fresh taste! Lactose Free.", "packageSizing": "1.89 l, $0.39/100ml", "pricing": {"price": "7.43", "wasPrice": null, "displayPrice": "$7.43", "memberOnlyPrice": null, "mopDisplayPrice": null, "ehfTotal": null, "environmentalHandlingFee": null, "taxInfo": ""}, "pricingUnits": {"type": "SOLD_BY_EACH", "unit": "ea", "interval": 1, "minOrderQuantity": 1, "maxOrderQuantity": 24, "weighted": false}, "deal": null, "mopDeal": null, "pcoDeal": null, "inventoryIndicator": {"indicatorId": "OUT", "text": "Out of Stock"}, "offerType": "OG", "offerId": "OG", "action": null, "isVariant": false, "link": "/en/2-protein-milk-beverage/p/21554369_EA", "productVendor": null, "productVariant": null, "textBadge": "out-of-stock", "variantTheme": null, "articleNumber": "21554369", "uom": "EA", "sponsoredCreative": null, "isSponsored": false, "isComplementarySponsored": false, "complementarySponsoredBadgeText": null, "productBadge": {"badgeId": "PREPARED_IN_CANADA", "badgeClass": "badge11", "text": "Prepared in Canada", "icon": {"url": "https://dis-prod.assetful.loblaw.ca/content/dam/loblaw-companies-limited/creative-assets/pc-optimum/global-list/maple-leaf-red.png", "altText": "", "placement": "LEFT"}}}}}
{"store": "Real Canadian Superstore", "site_slug": "realcanadiansuperstore", "source_url": "/search?search-bar=milk&page=1", "scrape_ts": "2026-01-02T05:17:50.959803Z", "external_id": "21239130_EA", "name": "Ultrapur Ultra-Filtered Chocolate Milk 1%", "brand": "Lactantia", "size_text": "1.5 l, $0.43/100ml", "price": 6.49, "currency": "CAD", "unit_price": 0.43, "unit_price_uom": "100ml", "image_url": "https://digital.loblaws.ca/PCX/21239130_EA/en/1/21239130_en_front_v1_800.png", "category_path": null, "availability": "in_stock", "query_category": "milk", "raw_source": {"type": "next-data", "data": {"index": 35, "promotions": [], "productId": "21239130_EA", "productImage": [{"imageUrl": "https://digital.loblaws.ca/PCX/21239130_EA/en/1/21239130_en_front_v1_1200.png", "thumbnailUrl": "https://digital.loblaws.ca/PCX/21239130_EA/en/1/21239130_en_front_v1_120.png", "smallUrl": "https://digital.loblaws.ca/PCX/21239130_EA/en/1/21239130_en_front_v1_250.png", "mediumUrl": "https://digital.loblaws.ca/PCX/21239130_EA/en/1/21239130_en_front_v1_400.png", "largeUrl": "https://digital.loblaws.ca/PCX/21239130_EA/en/1/21239130_en_front_v1_800.png", "extraLargeUrl": "https://digital.loblaws.ca/PCX/21239130_EA/en/1/21239130_en_front_v1_1200.png", "smallRetinaUrl": "https://digital.loblaws.ca/PCX/21239130_EA/en/1/21239130_en_front_v1_250.png", "mediumRetinaUrl": "https://digital.loblaws.ca/PCX/21239130_EA/en/1/21239130_en_front_v1_400.png", "largeRetinaUrl": "https://digital.loblaws.ca/PCX/21239130_EA/en/1/21239130_en_front_v1_800.png"}], "brand": "Lactantia", "title": "Ultrapur Ultra-Filtered Chocolate Milk 1%", "description": "<p>Get more of what you want with a delicious twist with Lactantia UltraPur Chocolate Milk. This partly skimmed milk contains 50% more protein than regular chocolate milk and is made with no artificial sweeteners. Sourced from Canadian dairies, every drop of this high-protein 1% milk is carefully filtered to provide a smooth, pure taste that stays fresh longer without preservatives. Source of 10 essential nutrients, this low-fat milk is a nutritious and delicious choice for the whole family. Rediscover the power of farm-fresh flavour with ultrafiltered milk. Lactantia, for Milk Connoisseurs!</p><ul><li>Made with ultrafiltered milk that stays fresh longer without preservatives</li><li>Delicious chocolate flavour</li><li>No artificial sweeteners</li><li>100% Canadian milk from Canadian dairies</li><li>14g of protein per serving</li><li>1% M.F.</li><li>Source of 10 essential nutrients</li><li>No added sugar</li><li>1.5 L</li></ul>", "packageSizing": "1.5 l, $0.43/100ml", "pricing": {"price": "6.49", "wasPrice": null, "displayPrice": "$6.49", "memberOnlyPrice": null, "mopDisplayPrice": null, "ehfTotal": null, "environmentalHandlingFee": null, "taxInfo": ""}, "pricingUnits": {"type": "SOLD_BY_EACH", "unit": "ea", "interval": 1, "minOrderQuantity": 1, "maxOrderQuantity": 24, "weighted": false}, "deal": null, "mopDeal": null, "pcoDeal": null, "inventoryIndicator": null, "offerType": "OG", "offerId": "OG", "action": null, "isVariant": false, "link": "/en/ultrapur-ultra-filtered-chocolate-milk-1/p/21239130_EA", "productVendor": null, "productVariant": null, "textBadge": "", "variantTheme": null, "articleNumber": "21239130", "uom": "EA", "sponsoredCreative": null, "isSponsored": false, "isComplementarySponsored": false, "complementarySponsoredBadgeText": null, "productBadge": {"badgeId": "PREPARED_IN_CANADA", "badgeClass": "badge11", "text": "Prepared in Canada", "icon": {"url": "https://dis-prod.assetful.loblaw.ca/content/dam/loblaw-companies-limited/creative-assets/pc-optimum/global-list/maple-leaf-red.png", "altText": "", "placement": "LEFT"}}}}}
{"store": "Real Canadian Superstore", "site_slug": "realcanadiansuperstore", "source_url": "/search?search-bar=milk&page=1", "scrape_ts": "2026-01-02T05:17:50.959803Z", "external_id": "20896887_EA", "name": "Evaporated Milk", "brand": "Carnation", "size_text": "354 ml, $0.79/100ml", "price": 2.79, "currency": "CAD", "unit_price": 0.79, "unit_price_uom": "100ml", "image_url": "https://digital.loblaws.ca/PCX/20896887_EA/en/1/5900000311_en_front_centre_marketing_GS1_Ecommerce_800.png", "category_path": null, "availability": "in_stock", "query_category": "milk", "raw_source": {"type": "next-data", "data": {"index": 36, "promotions": [], "productId": "20896887_EA", "productImage": [{"imageUrl": "https://digital.loblaws.ca/PCX/20896887_EA/en/1/5900000311_en_front_centre_marketing_GS1_Ecommerce_1200.png", "thumbnailUrl": "https://digital.loblaws.ca/PCX/20896887_EA/en/1/5900000311_en_front_centre_marketing_GS1_Ecommerce_120.png", "smallUrl": "https://digital.loblaws.ca/PCX/20896887_EA/en/1/5900000311_en_front_centre_marketing_GS1_Ecommerce_250.png", "mediumUrl": "https://digital.loblaws.ca/PCX/20896887_EA/en/1/5900000311_en_front_centre_marketing_GS1_Ecommerce_400.png", "largeUrl": "https://digital.loblaws.ca/PCX/20896887_EA/en/1/5900000311_en_front_centre_marketing_GS1_Ecommerce_800.png", "extraLargeUrl": "https://digital.loblaws.ca/PCX/20896887_EA/en/1/5900000311_en_front_centre_marketing_GS1_Ecommerce_1200.png", "smallRetinaUrl": "https://digital.loblaws.ca/PCX/20896887_EA/en/1/5900000311_en_front_centre_marketing_GS1_Ecommerce_250.png", "mediumRetinaUrl": "https://digital.loblaws.ca/PCX/20896887_EA/en/1/5900000311_en_front_centre_marketing_GS1_Ecommerce_400.png", "largeRetinaUrl": "https://digital.loblaws.ca/PCX/20896887_EA/en/1/5900000311_en_front_centre_marketing_GS1_Ecommerce_800.png"}], "brand": "Carnation", "title": "Evaporated Milk", "description": "Carnation Evaporated Milk is a shelf stable milk that is richer and creamier than milk because some of the water has been removed. With a slight carmelized flavour, it's a easy and delicious ingredient to bake and cook with.", "packageSizing": "354 ml, $0.79/100ml", "pricing": {"price": "2.79", "wasPrice": null, "displayPrice": "$2.79", "memberOnlyPrice": null, "mopDisplayPrice": null, "ehfTotal": null, "environmentalHandlingFee": null, "taxInfo": ""}, "pricingUnits": {"type": "SOLD_BY_EACH", "unit": "ea", "interval": 1, "minOrderQuantity": 1, "maxOrderQuantity": 24, "weighted": false}, "deal": null, "mopDeal": null, "pcoDeal": null, "inventoryIndicator": null, "offerType": "OG", "offerId": "OG", "action": null, "isVariant": false, "link": "/en/evaporated-milk/p/20896887_EA", "productVendor": null, "productVariant": null, "textBadge": "", "variantTheme": null, "articleNumber": "20896887", "uom": "EA", "sponsoredCreative": null, "isSponsored": false, "isComplementarySponsored": false, "complementarySponsoredBadgeText": null, "productBadge": {"badgeId": "PREPARED_IN_CANADA", "badgeClass": "badge11", "text": "Prepared in Canada", "icon": {"url": "https://dis-prod.assetful.loblaw.ca/content/dam/loblaw-companies-limited/creative-assets/pc-optimum/global-list/maple-leaf-red.png", "altText": "", "placement": "LEFT"}}}}}
{"store": "Real Canadian Superstore", "site_slug": "realcanadiansuperstore", "source_url": "/search?search-bar=milk&page=1", "scrape_ts": "2026-01-02T05:17:50.959803Z", "external_id": "21424994_EA", "name": "PūrFiltre Milk 3.25% Homogenized", "brand": "Lactantia", "size_text": "2 l, $0.31/100ml", "price": 6.1, "currency": "CAD", "unit_price": 0.31, "unit_price_uom": "100ml", "image_url": "https://digital.loblaws.ca/PCX/21424994_EA/en/1/21424994_en_front_800.png", "category_path": null, "availability": "in_stock", "query_category": "milk", "raw_source": {"type": "next-data", "data": {"index": 37, "promotions": [], "productId": "21424994_EA", "productImage": [{"imageUrl": "https://digital.loblaws.ca/PCX/21424994_EA/en/1/21424994_en_front_1200.png", "thumbnailUrl": "https://digital.loblaws.ca/PCX/21424994_EA/en/1/21424994_en_front_120.png", "smallUrl": "https://digital.loblaws.ca/PCX/21424994_EA/en/1/21424994_en_front_250.png", "mediumUrl": "https://digital.loblaws.ca/PCX/21424994_EA/en/1/21424994_en_front_400.png", "largeUrl": "https://digital.loblaws.ca/PCX/21424994_EA/en/1/21424994_en_front_800.png", "extraLargeUrl": "https://digital.loblaws.ca/PCX/21424994_EA/en/1/21424994_en_front_1200.png", "smallRetinaUrl": "https://digital.loblaws.ca/PCX/21424994_EA/en/1/21424994_en_front_250.png", "mediumRetinaUrl": "https://digital.loblaws.ca/PCX/21424994_EA/en/1/21424994_en_front_400.png", "largeRetinaUrl": "https://digital.loblaws.ca/PCX/21424994_EA/en/1/21424994_en_front_800.png"}], "brand": "Lactantia", "title": "PūrFiltre Milk 3.25% Homogenized", "description": null, "packageSizing": "2 l, $0.31/100ml", "pricing": {"price": "6.10", "wasPrice": null, "displayPrice": "$6.10", "memberOnlyPrice": null, "mopDisplayPrice": null, "ehfTotal": null, "environmentalHandlingFee": null, "taxInfo": ""}, "pricingUnits": {"type": "SOLD_BY_EACH", "unit": "ea", "interval": 1, "minOrderQuantity": 1, "maxOrderQuantity": 24, "weighted": false}, "deal": null, "mopDeal": null, "pcoDeal": null, "inventoryIndicator": null, "offerType": "OG", "offerId": "OG", "action": null, "isVariant": false, "link": "/en/p-rfiltre-milk-3-25-homogenized/p/21424994_EA", "productVendor": null, "productVariant": null, "textBadge": "", "variantTheme": null, "articleNumber": "21424994", "uom": "EA", "sponsoredCreative": null, "isSponsored": false, "isComplementarySponsored": false, "complementarySponsoredBadgeText": null, "productBadge": {"badgeId": "PREPARED_IN_CANADA", "badgeClass": "badge11", "text": "Prepared in Canada", "icon": {"url": "https://dis-prod.assetful.loblaw.ca/content/dam/loblaw-companies-limited/creative-assets/pc-optimum/global-list/maple-leaf-red.png", "altText": "", "placement": "LEFT"}}}}}
{"store": "Real Canadian Superstore", "site_slug": "realcanadiansuperstore", "source_url": "/search?search-bar=milk&page=1", "scrape_ts": "2026-01-02T05:17:50.959803Z", "external_id": "21040510_EA", "name": "Evaporated Milk", "brand": "No Name", "size_text": "354 ml, $0.49/100ml", "price": 1.75, "currency": "CAD", "unit_price": 0.49, "unit_price_uom": "100ml", "image_url": "https://digital.loblaws.ca/PCX/21040510_EA/en/1/21040510_en_front_800.png", "category_path": null, "availability": "in_stock", "query_category": "milk", "raw_source": {"type": "next-data", "data": {"index": 38, "promotions": [], "productId": "21040510_EA", "productImage": [{"imageUrl": "https://digital.loblaws.ca/PCX/21040510_EA/en/1/21040510_en_front_1200.png", "thumbnailUrl": "https://digital.loblaws.ca/PCX/21040510_EA/en/1/21040510_en_front_120.png", "smallUrl": "https://digital.loblaws.ca/PCX/21040510_EA/en/1/21040510_en_front_250.png", "mediumUrl": "https://digital.loblaws.ca/PCX/21040510_EA/en/1/21040510_en_front_400.png", "largeUrl": "https://digital.loblaws.ca/PCX/21040510_EA/en/1/21040510_en_front_800.png", "extraLargeUrl": "https://digital.loblaws.ca/PCX/21040510_EA/en/1/21040510_en_front_1200.png", "smallRetinaUrl": "https://digital.loblaws.ca/PCX/21040510_EA/en/1/21040510_en_front_250.png", "mediumRetinaUrl": "https://digital.loblaws.ca/PCX/21040510_EA/en/1/21040510_en_front_400.png", "largeRetinaUrl": "https://digital.loblaws.ca/PCX/21040510_EA/en/1/21040510_en_front_800.png"}], "brand": "No Name", "title": "Evaporated Milk", "description": "<p>Evaporated Milk gives body to smoothies or thickens up your soups and chowders. With vitamins C and D added, it adds creaminess and richness to your favourite meals or dessert recipes.</p><p></p><p>The †Simple Check™ symbol appears on no name® products made without 10 ingredients such as synthetic colours*, artificial flavours and artificial sweeteners. *As defined in Canadian regulations. To learn more visit noname.ca/simplecheck</p>", "packageSizing": "354 ml, $0.49/100ml", "pricing": {"price": "1.75", "wasPrice": "$1.99", "displayPrice": "$1.75", "memberOnlyPrice": null, "mopDisplayPrice": null, "ehfTotal": null, "environmentalHandlingFee": null, "taxInfo": ""}, "pricingUnits": {"type": "SOLD_BY_EACH", "unit": "ea", "interval": 1, "minOrderQuantity": 1, "maxOrderQuantity": 24, "weighted": false}, "deal": {"type": "SALE", "text": "SAVE $0.24", "points": 0, "name": "SALE", "expiryDate": "2026-01-07T00:00:00Z", "dealPrice": null}, "mopDeal": null, "pcoDeal": null, "inventoryIndicator": null, "offerType": "OG", "offerId": "OG", "action": null, "isVariant": false, "link": "/en/evaporated-milk/p/21040510_EA", "productVendor": null, "productVariant": null, "textBadge": "", "variantTheme": null, "articleNumber": "21040510", "uom": "EA", "sponsoredCreative": null, "isSponsored": false, "isComplementarySponsored": false, "complementarySponsoredBadgeText": null, "productBadge": {"badgeId": "PREPARED_IN_CANADA", "badgeClass": "badge11", "text": "Prepared in Canada", "icon": {"url": "https://dis-prod.assetful.loblaw.ca/content/dam/loblaw-companies-limited/creative-assets/pc-optimum/global-list/maple-leaf-red.png", "altText": "", "placement": "LEFT"}}}}}
{"store": "Real Canadian Superstore", "site_slug": "realcanadiansuperstore", "source_url": "/search?search-bar=milk&page=1", "scrape_ts": "2026-01-02T05:17:50.959803Z", "external_id": "20172914_EA", "name": "0% Skim Milk", "brand": "Neilson", "size_text": "4 l, $0.16/100ml", "price": 6.25, "currency": "CAD", "unit_price": 0.16, "unit_price_uom": "100ml", "image_url": "https://digital.loblaws.ca/PCX/20172914_EA/en/1/20172914_en_front_v1_800.png", "category_path": null, "availability": "in_stock", "query_category": "milk", "raw_source": {"type": "next-data", "data": {"index": 39, "promotions": [], "productId": "20172914_EA", "productImage": [{"imageUrl": "https://digital.loblaws.ca/PCX/20172914_EA/en/1/20172914_en_front_v1_1200.png", "thumbnailUrl": "https://digital.loblaws.ca/PCX/20172914_EA/en/1/20172914_en_front_v1_120.png", "smallUrl": "https://digital.loblaws.ca/PCX/20172914_EA/en/1/20172914_en_front_v1_250.png", "mediumUrl": "https://digital.loblaws.ca/PCX/20172914_EA/en/1/20172914_en_front_v1_400.png", "largeUrl": "https://digital.loblaws.ca/PCX/20172914_EA/en/1/20172914_en_front_v1_800.png", "extraLargeUrl": "https://digital.loblaws.ca/PCX/20172914_EA/en/1/20172914_en_front_v1_1200.png", "smallRetinaUrl": "https://digital.loblaws.ca/PCX/20172914_EA/en/1/20172914_en_front_v1_250.png", "mediumRetinaUrl": "https://digital.loblaws.ca/PCX/20172914_EA/en/1/20172914_en_front_v1_400.png", "largeRetinaUrl": "https://digital.loblaws.ca/PCX/20172914_EA/en/1/20172914_en_front_v1_800.png"}], "brand": "Neilson", "title": "0% Skim Milk", "description": "Fresh, wholesome milk… naturally from Neilson.Since 1893, Neilson has stood for high quality dairy products. Neilson has always been committed to using the best ingredients, people and processes to produce great tasting quality milk you can depend on. Always fresh, always delicious and always an excellent source of calcium, protein and vitamin D.", "packageSizing": "4 l, $0.16/100ml", "pricing": {"price": "6.25", "wasPrice": null, "displayPrice": "$6.25", "memberOnlyPrice": null, "mopDisplayPrice": null, "ehfTotal": null, "environmentalHandlingFee": null, "taxInfo": ""}, "pricingUnits": {"type": "SOLD_BY_EACH", "unit": "ea", "interval": 1, "minOrderQuantity": 1, "maxOrderQuantity": 24, "weighted": false}, "deal": null, "mopDeal": null, "pcoDeal": null, "inventoryIndicator": null, "offerType": "OG", "offerId": "OG", "action": null, "isVariant": false, "link": "/en/0-skim-milk/p/20172914_EA", "productVendor": null, "productVariant": null, "textBadge": "", "variantTheme": null, "articleNumber": "20172914", "uom": "EA", "sponsoredCreative": null, "isSponsored": false, "isComplementarySponsored": false, "complementarySponsoredBadgeText": null, "productBadge": {"badgeId": "PREPARED_IN_CANADA", "badgeClass": "badge11", "text": "Prepared in Canada", "icon": {"url": "https://dis-prod.assetful.loblaw.ca/content/dam/loblaw-companies-limited/creative-assets/pc-optimum/global-list/maple-leaf-red.png", "altText": "", "placement": "LEFT"}}}}}
{"store": "Real Canadian Superstore", "site_slug": "realcanadiansuperstore", "source_url": "/search?search-bar=milk&page=1", "scrape_ts": "2026-01-02T05:17:50.959803Z", "external_id": "20077874003_EA", "name": "Lactose Free 1% Dairy Product", "brand": "Natrel", "size_text": "2 l, $0.33/100ml", "price": 6.5, "currency": "CAD", "unit_price": 0.33, "unit_price_uom": "100ml", "image_url": "https://digital.loblaws.ca/PCX/20077874003_EA/en/1/20077874003_en_front_800.png", "category_path": null, "availability": "in_stock", "query_category": "milk", "raw_source": {"type": "next-data", "data": {"index": 40, "promotions": [], "productId": "20077874003_EA", "productImage": [{"imageUrl": "https://digital.loblaws.ca/PCX/20077874003_EA/en/1/20077874003_en_front_1200.png", "thumbnailUrl": "https://digital.loblaws.ca/PCX/20077874003_EA/en/1/20077874003_en_front_120.png", "smallUrl": "https://digital.loblaws.ca/PCX/20077874003_EA/en/1/20077874003_en_front_250.png", "mediumUrl": "https://digital.loblaws.ca/PCX/20077874003_EA/en/1/20077874003_en_front_400.png", "largeUrl": "https://digital.loblaws.ca/PCX/20077874003_EA/en/1/20077874003_en_front_800.png", "extraLargeUrl": "https://digital.loblaws.ca/PCX/20077874003_EA/en/1/20077874003_en_front_1200.png", "smallRetinaUrl": "https://digital.loblaws.ca/PCX/20077874003_EA/en/1/20077874003_en_front_250.png", "mediumRetinaUrl": "https://digital.loblaws.ca/PCX/20077874003_EA/en/1/20077874003_en_front_400.png", "largeRetinaUrl": "https://digital.loblaws.ca/PCX/20077874003_EA/en/1/20077874003_en_front_800.png"}], "brand": "Natrel", "title": "Lactose Free 1% Dairy Product", "description": "Through our unique process, we can preserve the deliciously pure taste of fresh milk in every glass of our products, while removing the lactose that can cause you discomfort. So you can once again benefit from an excellent source of calcium, vitamin D and protein, plus a source of vitamin A. That’s everything you need to maintain a well-balanced diet.", "packageSizing": "2 l, $0.33/100ml", "pricing": {"price": "6.50", "wasPrice": "$6.74", "displayPrice": "$6.50", "memberOnlyPrice": null, "mopDisplayPrice": null, "ehfTotal": null, "environmentalHandlingFee": null, "taxInfo": ""}, "pricingUnits": {"type": "SOLD_BY_EACH", "unit": "ea", "interval": 1, "minOrderQuantity": 1, "maxOrderQuantity": 24, "weighted": false}, "deal": {"type": "SALE", "text": "SAVE $0.24", "points": 0, "name": "SALE", "expiryDate": "2026-01-28T00:00:00Z", "dealPrice": null}, "mopDeal": null, "pcoDeal": null, "inventoryIndicator": null, "offerType": "OG", "offerId": "OG", "action": null, "isVariant": false, "link": "/en/lactose-free-1-dairy-product/p/20077874003_EA", "productVendor": null, "productVariant": null, "textBadge": "", "variantTheme": null, "articleNumber": "20077874003", "uom": "EA", "sponsoredCreative": null, "isSponsored": false, "isComplementarySponsored": false, "complementarySponsoredBadgeText": null, "productBadge": {"badgeId": "PREPARED_IN_CANADA", "badgeClass": "badge11", "text": "Prepared in Canada", "icon": {"url": "https://dis-prod.assetful.loblaw.ca/content/dam/loblaw-companies-limited/creative-assets/pc-optimum/global-list/maple-leaf-red.png", "altText": "", "placement": "LEFT"}}}}}
{"store": "Real Canadian Superstore", "site_slug": "realcanadiansuperstore", "source_url": "/search?search-bar=milk&page=1", "scrape_ts": "2026-01-02T05:17:50.959803Z", "external_id": "20075226_EA", "name": "0% Microfiltered Milk", "brand": "Neilson", "size_text": "4 l, $0.17/100ml", "price": 6.88, "currency": "CAD", "unit_price": 0.17, "unit_price_uom": "100ml", "image_url": "https://digital.loblaws.ca/PCX/20075226_EA/en/1/20075226_en_front_v1_800.png", "category_path": null, "availability": "in_stock", "query_category": "milk", "raw_source": {"type": "next-data", "data": {"index": 41, "promotions": [], "productId": "20075226_EA", "productImage": [{"imageUrl": "https://digital.loblaws.ca/PCX/20075226_EA/en/1/20075226_en_front_v1_1200.png", "thumbnailUrl": "https://digital.loblaws.ca/PCX/20075226_EA/en/1/20075226_en_front_v1_120.png", "smallUrl": "https://digital.loblaws.ca/PCX/20075226_EA/en/1/20075226_en_front_v1_250.png", "mediumUrl": "https://digital.loblaws.ca/PCX/20075226_EA/en/1/20075226_en_front_v1_400.png", "largeUrl": "https://digital.loblaws.ca/PCX/20075226_EA/en/1/20075226_en_front_v1_800.png", "extraLargeUrl": "https://digital.loblaws.ca/PCX/20075226_EA/en/1/20075226_en_front_v1_1200.png", "smallRetinaUrl": "https://digital.loblaws.ca/PCX/20075226_EA/en/1/20075226_en_front_v1_250.png", "mediumRetinaUrl": "https://digital.loblaws.ca/PCX/20075226_EA/en/1/20075226_en_front_v1_400.png", "largeRetinaUrl": "https://digital.loblaws.ca/PCX/20075226_EA/en/1/20075226_en_front_v1_800.png"}], "brand": "Neilson", "title": "0% Microfiltered Milk", "description": "Fresh, wholesome milk… naturally from Neilson.Since 1893, Neilson has stood for high quality dairy products. Neilson has always been committed to using the best ingredients, people and processes to produce great tasting quality milk you can depend on. Always fresh, always delicious and always an excellent source of calcium, protein and vitamin D.", "packageSizing": "4 l, $0.17/100ml", "pricing": {"price": "6.88", "wasPrice": null, "displayPrice": "$6.88", "memberOnlyPrice": null, "mopDisplayPrice": null, "ehfTotal": null, "environmentalHandlingFee": null, "taxInfo": ""}, "pricingUnits": {"type": "SOLD_BY_EACH", "unit": "ea", "interval": 1, "minOrderQuantity": 1, "maxOrderQuantity": 24, "weighted": false}, "deal": null, "mopDeal": null, "pcoDeal": null, "inventoryIndicator": null, "offerType": "OG", "offerId": "OG", "action": null, "isVariant": false, "link": "/en/0-microfiltered-milk/p/20075226_EA", "productVendor": null, "productVariant": null, "textBadge": "", "variantTheme": null, "articleNumber": "20075226", "uom": "EA", "sponsoredCreative": null, "isSponsored": false, "isComplementarySponsored": false, "complementarySponsoredBadgeText": null, "productBadge": {"badgeId": "PREPARED_IN_CANADA", "badgeClass": "badge11", "text": "Prepared in Canada", "icon": {"url": "https://dis-prod.assetful.loblaw.ca/content/dam/loblaw-companies-limited/creative-assets/pc-optimum/global-list/maple-leaf-red.png", "altText": "", "placement": "LEFT"}}}}}
{"store": "Real Canadian Superstore", "site_slug": "realcanadiansuperstore", "source_url": "/search?search-bar=milk&page=1", "scrape_ts": "2026-01-02T05:17:50.959803Z", "external_id": "20058742_EA", "name": "0% Microfiltered Milk", "brand": "Neilson", "size_text": "2 l, $0.28/100ml", "price": 5.69, "currency": "CAD", "unit_price": 0.28, "unit_price_uom": "100ml", "image_url": "https://digital.loblaws.ca/PCX/20058742_EA/en/1/20058742_en_front_v1_800.png", "category_path": null, "availability": "out_of_stock", "query_category": "milk", "raw_source": {"type": "next-data", "data": {"index": 42, "promotions": [], "productId": "20058742_EA", "productImage": [{"imageUrl": "https://digital.loblaws.ca/PCX/20058742_EA/en/1/20058742_en_front_v1_1200.png", "thumbnailUrl": "https://digital.loblaws.ca/PCX/20058742_EA/en/1/20058742_en_front_v1_120.png", "smallUrl": "https://digital.loblaws.ca/PCX/20058742_EA/en/1/20058742_en_front_v1_250.png", "mediumUrl": "https://digital.loblaws.ca/PCX/20058742_EA/en/1/20058742_en_front_v1_400.png", "largeUrl": "https://digital.loblaws.ca/PCX/20058742_EA/en/1/20058742_en_front_v1_800.png", "extraLargeUrl": "https://digital.loblaws.ca/PCX/20058742_EA/en/1/20058742_en_front_v1_1200.png", "smallRetinaUrl": "https://digital.loblaws.ca/PCX/20058742_EA/en/1/20058742_en_front_v1_250.png", "mediumRetinaUrl": "https://digital.loblaws.ca/PCX/20058742_EA/en/1/20058742_en_front_v1_400.png", "largeRetinaUrl": "https://digital.loblaws.ca/PCX/20058742_EA/en/1/20058742_en_front_v1_800.png"}], "brand": "Neilson", "title": "0% Microfiltered Milk", "description": "Fresh, wholesome milk… naturally from Neilson.Since 1893, Neilson has stood for high quality dairy products. Neilson has always been committed to using the best ingredients, people and processes to produce great tasting quality milk you can depend on. Always fresh, always delicious and always an excellent source of calcium, protein and vitamin D.", "packageSizing": "2 l, $0.28/100ml", "pricing": {"price": "5.69", "wasPrice": null, "displayPrice": "$5.69", "memberOnlyPrice": null, "mopDisplayPrice": null, "ehfTotal": null, "environmentalHandlingFee": null, "taxInfo": ""}, "pricingUnits": {"type": "SOLD_BY_EACH", "unit": "ea", "interval": 1, "minOrderQuantity": 1, "maxOrderQuantity": 24, "weighted": false}, "deal": null, "mopDeal": null, "pcoDeal": null, "inventoryIndicator": {"indicatorId": "OUT", "text": "Out of Stock"}, "offerType": "OG", "offerId": "OG", "action": null, "isVariant": false, "link": "/en/0-microfiltered-milk/p/20058742_EA", "productVendor": null, "productVariant": null, "textBadge": "out-of-stock", "variantTheme": null, "articleNumber": "20058742", "uom": "EA", "sponsoredCreative": null, "isSponsored": false, "isComplementarySponsored": false, "complementarySponsoredBadgeText": null, "productBadge": {"badgeId": "PREPARED_IN_CANADA", "badgeClass": "badge11", "text": "Prepared in Canada", "icon": {"url": "https://dis-prod.assetful.loblaw.ca/content/dam/loblaw-companies-limited/creative-assets/pc-optimum/global-list/maple-leaf-red.png", "altText": "", "placement": "LEFT"}}}}}
{"store": "Real Canadian Superstore", "site_slug": "realcanadiansuperstore", "source_url": "/search?search-bar=milk&page=1", "scrape_ts": "2026-01-02T05:17:50.959803Z", "external_id": "20107219004_EA", "name": "Almond Breeze Natural Almond, Unsweetened", "brand": "Blue Diamond", "size_text": "946 ml, $0.37/100ml", "price": 3.49, "currency": "CAD", "unit_price": 0.37, "unit_price_uom": "100ml", "image_url": "https://digital.loblaws.ca/PCX/20107219004_EA/en/1/20107219004_en_front_800.png", "category_path": null, "availability": "in_stock", "query_category": "milk", "raw_source": {"type": "next-data", "data": {"index": 43, "promotions": [], "productId": "20107219004_EA", "productImage": [{"imageUrl": "https://digital.loblaws.ca/PCX/20107219004_EA/en/1/20107219004_en_front_1200.png", "thumbnailUrl": "https://digital.loblaws.ca/PCX/20107219004_EA/en/1/20107219004_en_front_120.png", "smallUrl": "https://digital.loblaws.ca/PCX/20107219004_EA/en/1/20107219004_en_front_250.png", "mediumUrl": "https://digital.loblaws.ca/PCX/20107219004_EA/en/1/20107219004_en_front_400.png", "largeUrl": "https://digital.loblaws.ca/PCX/20107219004_EA/en/1/20107219004_en_front_800.png", "extraLargeUrl": "https://digital.loblaws.ca/PCX/20107219004_EA/en/1/20107219004_en_front_1200.png", "smallRetinaUrl": "https://digital.loblaws.ca/PCX/20107219004_EA/en/1/20107219004_en_front_250.png", "mediumRetinaUrl": "https://digital.loblaws.ca/PCX/20107219004_EA/en/1/20107219004_en_front_400.png", "largeRetinaUrl": "https://digital.loblaws.ca/PCX/20107219004_EA/en/1/20107219004_en_front_800.png"}], "brand": "Blue Diamond", "title": "Almond Breeze Natural Almond, Unsweetened", "description": "Blue Diamond's Almond Breeze Unsweetened beverage is an excellent addition to your daily routine. Use it in your morning cereals or as a base for your homemade sauces to enhance your meals with ease. Blue Diamond's Almond Breeze provides a simple way to incorporate plant-based options into your diet.", "packageSizing": "946 ml, $0.37/100ml", "pricing": {"price": "3.49", "wasPrice": null, "displayPrice": "$3.49", "memberOnlyPrice": null, "mopDisplayPrice": null, "ehfTotal": null, "environmentalHandlingFee": null, "taxInfo": ""}, "pricingUnits": {"type": "SOLD_BY_EACH", "unit": "ea", "interval": 1, "minOrderQuantity": 1, "maxOrderQuantity": 24, "weighted": false}, "deal": null, "mopDeal": null, "pcoDeal": null, "inventoryIndicator": null, "offerType": "OG", "offerId": "OG", "action": null, "isVariant": false, "link": "/en/almond-breeze-natural-almond-unsweetened/p/20107219004_EA", "productVendor": null, "productVariant": null, "textBadge": "", "variantTheme": null, "articleNumber": "20107219004", "uom": "EA", "sponsoredCreative": null, "isSponsored": false, "isComplementarySponsored": false, "complementarySponsoredBadgeText": null, "productBadge": {"badgeId": "SUBSCRIBE_EARN", "badgeClass": "badge06", "text": "Subscribe & Earn", "icon": null}}}}
{"store": "Real Canadian Superstore", "site_slug": "realcanadiansuperstore", "source_url": "/search?search-bar=milk&page=1", "scrape_ts": "2026-01-02T05:17:50.959803Z", "external_id": "20794060004_EA", "name": "Almond Breeze Unsweetened Almond Milk, Original", "brand": "Blue Diamond", "size_text": "1.89 l, $0.17/100ml", "price": 3.29, "currency": "CAD", "unit_price": 0.17, "unit_price_uom": "100ml", "image_url": "https://digital.loblaws.ca/PCX/20794060004_EA/en/1/4157010918_en_front_centre_marketing_A_1_GS1_Ecommerce_800.png", "category_path": null, "availability": "in_stock", "query_category": "milk", "raw_source": {"type": "next-data", "data": {"index": 44, "promotions": [], "productId": "20794060004_EA", "productImage": [{"imageUrl": "https://digital.loblaws.ca/PCX/20794060004_EA/en/1/4157010918_en_front_centre_marketing_A_1_GS1_Ecommerce_1200.png", "thumbnailUrl": "https://digital.loblaws.ca/PCX/20794060004_EA/en/1/4157010918_en_front_centre_marketing_A_1_GS1_Ecommerce_120.png", "smallUrl": "https://digital.loblaws.ca/PCX/20794060004_EA/en/1/4157010918_en_front_centre_marketing_A_1_GS1_Ecommerce_250.png", "mediumUrl": "https://digital.loblaws.ca/PCX/20794060004_EA/en/1/4157010918_en_front_centre_marketing_A_1_GS1_Ecommerce_400.png", "largeUrl": "https://digital.loblaws.ca/PCX/20794060004_EA/en/1/4157010918_en_front_centre_marketing_A_1_GS1_Ecommerce_800.png", "extraLargeUrl": "https://digital.loblaws.ca/PCX/20794060004_EA/en/1/4157010918_en_front_centre_marketing_A_1_GS1_Ecommerce_1200.png", "smallRetinaUrl": "https://digital.loblaws.ca/PCX/20794060004_EA/en/1/4157010918_en_front_centre_marketing_A_1_GS1_Ecommerce_250.png", "mediumRetinaUrl": "https://digital.loblaws.ca/PCX/20794060004_EA/en/1/4157010918_en_front_centre_marketing_A_1_GS1_Ecommerce_400.png", "largeRetinaUrl": "https://digital.loblaws.ca/PCX/20794060004_EA/en/1/4157010918_en_front_centre_marketing_A_1_GS1_Ecommerce_800.png"}], "brand": "Blue Diamond", "title": "Almond Breeze Unsweetened Almond Milk, Original", "description": "Almond Breeze is a delicious way to be good to yourself!.<br><br>From The Almond People", "packageSizing": "1.89 l, $0.17/100ml", "pricing": {"price": "3.29", "wasPrice": "$4.00", "displayPrice": "$3.29", "memberOnlyPrice": null, "mopDisplayPrice": null, "ehfTotal": null, "environmentalHandlingFee": null, "taxInfo": ""}, "pricingUnits": {"type": "SOLD_BY_EACH", "unit": "ea", "interval": 1, "minOrderQuantity": 1, "maxOrderQuantity": 24, "weighted": false}, "deal": {"type": "SALE", "text": "SAVE $0.71", "points": 0, "name": "SALE", "expiryDate": "2026-01-28T00:00:00Z", "dealPrice": null}, "mopDeal": null, "pcoDeal": null, "inventoryIndicator": null, "offerType": "OG", "offerId": "OG", "action": null, "isVariant": false, "link": "/en/almond-breeze-unsweetened-almond-milk-original/p/20794060004_EA", "productVendor": null, "productVariant": null, "textBadge": "", "variantTheme": null, "articleNumber": "20794060004", "uom": "EA", "sponsoredCreative": null, "isSponsored": false, "isComplementarySponsored": false, "complementarySponsoredBadgeText": null, "productBadge": {"badgeId": "SUBSCRIBE_EARN", "badgeClass": "badge06", "text": "Subscribe & Earn", "icon": null}}}}
{"store": "Real Canadian Superstore", "site_slug": "realcanadiansuperstore", "source_url": "/search?search-bar=milk&page=1", "scrape_ts": "2026-01-02T05:17:50.959803Z", "external_id": "20164009_EA", "name": "1% Microfiltered Milk", "brand": "Neilson", "size_text": "1 l, $0.37/100ml", "price": 3.68, "currency": "CAD", "unit_price": 0.37, "unit_price_uom": "100ml", "image_url": "https://digital.loblaws.ca/PCX/20164009_EA/en/1/20164009_en_front_800.png", "category_path": null, "availability": "in_stock", "query_category": "milk", "raw_source": {"type": "next-data", "data": {"index": 45, "promotions": [], "productId": "20164009_EA", "productImage": [{"imageUrl": "https://digital.loblaws.ca/PCX/20164009_EA/en/1/20164009_en_front_1200.png", "thumbnailUrl": "https://digital.loblaws.ca/PCX/20164009_EA/en/1/20164009_en_front_120.png", "smallUrl": "https://digital.loblaws.ca/PCX/20164009_EA/en/1/20164009_en_front_250.png", "mediumUrl": "https://digital.loblaws.ca/PCX/20164009_EA/en/1/20164009_en_front_400.png", "largeUrl": "https://digital.loblaws.ca/PCX/20164009_EA/en/1/20164009_en_front_800.png", "extraLargeUrl": "https://digital.loblaws.ca/PCX/20164009_EA/en/1/20164009_en_front_1200.png", "smallRetinaUrl": "https://digital.loblaws.ca/PCX/20164009_EA/en/1/20164009_en_front_250.png", "mediumRetinaUrl": "https://digital.loblaws.ca/PCX/20164009_EA/en/1/20164009_en_front_400.png", "largeRetinaUrl": "https://digital.loblaws.ca/PCX/20164009_EA/en/1/20164009_en_front_800.png"}], "brand": "Neilson", "title": "1% Microfiltered Milk", "description": "Fresh, wholesome milk… naturally from Neilson.Since 1893, Neilson has stood for high quality dairy products. Neilson has always been committed to using the best ingredients, people and processes to produce great tasting quality milk you can depend on. Always fresh, always delicious and always an excellent source of calcium, protein and vitamin D.", "packageSizing": "1 l, $0.37/100ml", "pricing": {"price": "3.68", "wasPrice": null, "displayPrice": "$3.68", "memberOnlyPrice": null, "mopDisplayPrice": null, "ehfTotal": null, "environmentalHandlingFee": null, "taxInfo": ""}, "pricingUnits": {"type": "SOLD_BY_EACH", "unit": "ea", "interval": 1, "minOrderQuantity": 1, "maxOrderQuantity": 24, "weighted": false}, "deal": null, "mopDeal": null, "pcoDeal": null, "inventoryIndicator": null, "offerType": "OG", "offerId": "OG", "action": null, "isVariant": false, "link": "/en/1-microfiltered-milk/p/20164009_EA", "productVendor": null, "productVariant": null, "textBadge": "", "variantTheme": null, "articleNumber": "20164009", "uom": "EA", "sponsoredCreative": null, "isSponsored": false, "isComplementarySponsored": false, "complementarySponsoredBadgeText": null, "productBadge": {"badgeId": "PREPARED_IN_CANADA", "badgeClass": "badge11", "text": "Prepared in Canada", "icon": {"url": "https://dis-prod.assetful.loblaw.ca/content/dam/loblaw-companies-limited/creative-assets/pc-optimum/global-list/maple-leaf-red.png", "altText": "", "placement": "LEFT"}}}}}
{"store": "Real Canadian Superstore", "site_slug": "realcanadiansuperstore", "source_url": "/search?search-bar=milk&page=1", "scrape_ts": "2026-01-02T05:17:50.959803Z", "external_id": "20188053001_EA", "name": "2% Lactose Free Milk", "brand": "Neilson", "size_text": "2 l, $0.33/100ml", "price": 6.53, "currency": "CAD", "unit_price": 0.33, "unit_price_uom": "100ml", "image_url": "https://digital.loblaws.ca/PCX/20188053001_EA/en/1/20188053001_en_front_800.png", "category_path": null, "availability": "out_of_stock", "query_category": "milk", "raw_source": {"type": "next-data", "data": {"index": 46, "promotions": [], "productId": "20188053001_EA", "productImage": [{"imageUrl": "https://digital.loblaws.ca/PCX/20188053001_EA/en/1/20188053001_en_front_1200.png", "thumbnailUrl": "https://digital.loblaws.ca/PCX/20188053001_EA/en/1/20188053001_en_front_120.png", "smallUrl": "https://digital.loblaws.ca/PCX/20188053001_EA/en/1/20188053001_en_front_250.png", "mediumUrl": "https://digital.loblaws.ca/PCX/20188053001_EA/en/1/20188053001_en_front_400.png", "largeUrl": "https://digital.loblaws.ca/PCX/20188053001_EA/en/1/20188053001_en_front_800.png", "extraLargeUrl": "https://digital.loblaws.ca/PCX/20188053001_EA/en/1/20188053001_en_front_1200.png", "smallRetinaUrl": "https://digital.loblaws.ca/PCX/20188053001_EA/en/1/20188053001_en_front_250.png", "mediumRetinaUrl": "https://digital.loblaws.ca/PCX/20188053001_EA/en/1/20188053001_en_front_400.png", "largeRetinaUrl": "https://digital.loblaws.ca/PCX/20188053001_EA/en/1/20188053001_en_front_800.png"}], "brand": "Neilson", "title": "2% Lactose Free Milk", "description": "Neilson TruTaste Lactose Free milk is easier to digest for those of you who suffer from lactose intolerance. It’s a fresh and delicious option that provides the calcium, protein, vitamins A and D that your body needs without sacrificing great taste. Taste wholesome goodness and savour the TruTaste difference!Neilson Trutaste, voted #1 Most Trusted Milk Brand by Brandspark.", "packageSizing": "2 l, $0.33/100ml", "pricing": {"price": "6.53", "wasPrice": null, "displayPrice": "$6.53", "memberOnlyPrice": null, "mopDisplayPrice": null, "ehfTotal": null, "environmentalHandlingFee": null, "taxInfo": ""}, "pricingUnits": {"type": "SOLD_BY_EACH", "unit": "ea", "interval": 1, "minOrderQuantity": 1, "maxOrderQuantity": 24, "weighted": false}, "deal": null, "mopDeal": null, "pcoDeal": null, "inventoryIndicator": {"indicatorId": "OUT", "text": "Out of Stock"}, "offerType": "OG", "offerId": "OG", "action": null, "isVariant": false, "link": "/en/2-lactose-free-milk/p/20188053001_EA", "productVendor": null, "productVariant": null, "textBadge": "out-of-stock", "variantTheme": null, "articleNumber": "20188053001", "uom": "EA", "sponsoredCreative": null, "isSponsored": false, "isComplementarySponsored": false, "complementarySponsoredBadgeText": null, "productBadge": {"badgeId": "PREPARED_IN_CANADA", "badgeClass": "badge11", "text": "Prepared in Canada", "icon": {"url": "https://dis-prod.assetful.loblaw.ca/content/dam/loblaw-companies-limited/creative-assets/pc-optimum/global-list/maple-leaf-red.png", "altText": "", "placement": "LEFT"}}}}}
{"store": "Real Canadian Superstore", "site_slug": "realcanadiansuperstore", "source_url": "/search?search-bar=milk&page=1", "scrape_ts": "2026-01-02T05:17:50.959803Z", "external_id": "20774113_EA", "name": "2% Milk", "brand": "Neilson", "size_text": "473 ml, $0.56/100ml", "price": 2.63, "currency": "CAD", "unit_price": 0.56, "unit_price_uom": "100ml", "image_url": "https://digital.loblaws.ca/PCX/20774113_EA/en/1/20774113_en_front_800.png", "category_path": null, "availability": "in_stock", "query_category": "milk", "raw_source": {"type": "next-data", "data": {"index": 47, "promotions": [], "productId": "20774113_EA", "productImage": [{"imageUrl": "https://digital.loblaws.ca/PCX/20774113_EA/en/1/20774113_en_front_1200.png", "thumbnailUrl": "https://digital.loblaws.ca/PCX/20774113_EA/en/1/20774113_en_front_120.png", "smallUrl": "https://digital.loblaws.ca/PCX/20774113_EA/en/1/20774113_en_front_250.png", "mediumUrl": "https://digital.loblaws.ca/PCX/20774113_EA/en/1/20774113_en_front_400.png", "largeUrl": "https://digital.loblaws.ca/PCX/20774113_EA/en/1/20774113_en_front_800.png", "extraLargeUrl": "https://digital.loblaws.ca/PCX/20774113_EA/en/1/20774113_en_front_1200.png", "smallRetinaUrl": "https://digital.loblaws.ca/PCX/20774113_EA/en/1/20774113_en_front_250.png", "mediumRetinaUrl": "https://digital.loblaws.ca/PCX/20774113_EA/en/1/20774113_en_front_400.png", "largeRetinaUrl": "https://digital.loblaws.ca/PCX/20774113_EA/en/1/20774113_en_front_800.png"}], "brand": "Neilson", "title": "2% Milk", "description": "Fresh, wholesome milk… naturally from Neilson.Since 1893, Neilson has stood for high quality dairy products. Neilson has always been committed to using the best ingredients, people and processes to produce great tasting quality milk you can depend on. Always fresh, always delicious and always an excellent source of calcium, protein and vitamin D.", "packageSizing": "473 ml, $0.56/100ml", "pricing": {"price": "2.63", "wasPrice": null, "displayPrice": "$2.63", "memberOnlyPrice": null, "mopDisplayPrice": null, "ehfTotal": null, "environmentalHandlingFee": null, "taxInfo": ""}, "pricingUnits": {"type": "SOLD_BY_EACH", "unit": "ea", "interval": 1, "minOrderQuantity": 1, "maxOrderQuantity": 24, "weighted": false}, "deal": null, "mopDeal": null, "pcoDeal": null, "inventoryIndicator": null, "offerType": "OG", "offerId": "OG", "action": null, "isVariant": false, "link": "/en/2-milk/p/20774113_EA", "productVendor": null, "productVariant": null, "textBadge": "", "variantTheme": null, "articleNumber": "20774113", "uom": "EA", "sponsoredCreative": null, "isSponsored": false, "isComplementarySponsored": false, "complementarySponsoredBadgeText": null, "productBadge": {"badgeId": "PREPARED_IN_CANADA", "badgeClass": "badge11", "text": "Prepared in Canada", "icon": {"url": "https://dis-prod.assetful.loblaw.ca/content/dam/loblaw-companies-limited/creative-assets/pc-optimum/global-list/maple-leaf-red.png", "altText": "", "placement": "LEFT"}}}}}
{"store": "Real Canadian Superstore", "site_slug": "realcanadiansuperstore", "source_url": "/search?search-bar=milk&page=1", "scrape_ts": "2026-01-02T05:17:50.959803Z", "external_id": "21443674_EA", "name": "Natrel Plus 2% Lactose Free Enriched Milk", "brand": "Natrel", "size_text": "2 l, $0.41/100ml", "price": 8.24, "currency": "CAD", "unit_price": 0.41, "unit_price_uom": "100ml", "image_url": "https://digital.loblaws.ca/PCX/21443674_EA/en/1/21443674_en_front_v1_800.png", "category_path": null, "availability": "in_stock", "query_category": "milk", "raw_source": {"type": "next-data", "data": {"index": 48, "promotions": [], "productId": "21443674_EA", "productImage": [{"imageUrl": "https://digital.loblaws.ca/PCX/21443674_EA/en/1/21443674_en_front_v1_1200.png", "thumbnailUrl": "https://digital.loblaws.ca/PCX/21443674_EA/en/1/21443674_en_front_v1_120.png", "smallUrl": "https://digital.loblaws.ca/PCX/21443674_EA/en/1/21443674_en_front_v1_250.png", "mediumUrl": "https://digital.loblaws.ca/PCX/21443674_EA/en/1/21443674_en_front_v1_400.png", "largeUrl": "https://digital.loblaws.ca/PCX/21443674_EA/en/1/21443674_en_front_v1_800.png", "extraLargeUrl": "https://digital.loblaws.ca/PCX/21443674_EA/en/1/21443674_en_front_v1_1200.png", "smallRetinaUrl": "https://digital.loblaws.ca/PCX/21443674_EA/en/1/21443674_en_front_v1_250.png", "mediumRetinaUrl": "https://digital.loblaws.ca/PCX/21443674_EA/en/1/21443674_en_front_v1_400.png", "largeRetinaUrl": "https://digital.loblaws.ca/PCX/21443674_EA/en/1/21443674_en_front_v1_800.png"}], "brand": "Natrel", "title": "Natrel Plus 2% Lactose Free Enriched Milk", "description": "  Made  from 100% Canadian milk, Natrel Plus 2% contains 18g of protein per 250 ml  serving, providing twice the protein than regular 2% milk. Without added  sugar and the same Natrel delicious taste you know, discover this new  offering that will delight everyone even lactose intolerant.", "packageSizing": "2 l, $0.41/100ml", "pricing": {"price": "8.24", "wasPrice": null, "displayPrice": "$8.24", "memberOnlyPrice": null, "mopDisplayPrice": null, "ehfTotal": null, "environmentalHandlingFee": null, "taxInfo": ""}, "pricingUnits": {"type": "SOLD_BY_EACH", "unit": "ea", "interval": 1, "minOrderQuantity": 1, "maxOrderQuantity": 24, "weighted": false}, "deal": null, "mopDeal": null, "pcoDeal": null, "inventoryIndicator": null, "offerType": "OG", "offerId": "OG", "action": null, "isVariant": false, "link": "/en/natrel-plus-2-lactose-free-enriched-milk/p/21443674_EA", "productVendor": null, "productVariant": null, "textBadge": "", "variantTheme": null, "articleNumber": "21443674", "uom": "EA", "sponsoredCreative": null, "isSponsored": false, "isComplementarySponsored": false, "complementarySponsoredBadgeText": null, "productBadge": {"badgeId": "PREPARED_IN_CANADA", "badgeClass": "badge11", "text": "Prepared in Canada", "icon": {"url": "https://dis-prod.assetful.loblaw.ca/content/dam/loblaw-companies-limited/creative-assets/pc-optimum/global-list/maple-leaf-red.png", "altText": "", "placement": "LEFT"}}}}}
{"store": "Real Canadian Superstore", "site_slug": "realcanadiansuperstore", "source_url": "/search?search-bar=milk&page=1", "scrape_ts": "2026-01-02T05:17:50.959803Z", "external_id": "20794060002_EA", "name": "Almond Breeze Almond Milk, Unsweetened Vanilla", "brand": "Blue Diamond", "size_text": "1.89 l, $0.17/100ml", "price": 3.29, "currency": "CAD", "unit_price": 0.17, "unit_price_uom": "100ml", "image_url": "https://digital.loblaws.ca/PCX/20794060002_EA/en/1/4157010916_en_front_centre_marketing_A_1_GS1_Ecommerce_800.png", "category_path": null, "availability": "in_stock", "query_category": "milk", "raw_source": {"type": "next-data", "data": {"index": 49, "promotions": [], "productId": "20794060002_EA", "productImage": [{"imageUrl": "https://digital.loblaws.ca/PCX/20794060002_EA/en/1/4157010916_en_front_centre_marketing_A_1_GS1_Ecommerce_1200.png", "thumbnailUrl": "https://digital.loblaws.ca/PCX/20794060002_EA/en/1/4157010916_en_front_centre_marketing_A_1_GS1_Ecommerce_120.png", "smallUrl": "https://digital.loblaws.ca/PCX/20794060002_EA/en/1/4157010916_en_front_centre_marketing_A_1_GS1_Ecommerce_250.png", "mediumUrl": "https://digital.loblaws.ca/PCX/20794060002_EA/en/1/4157010916_en_front_centre_marketing_A_1_GS1_Ecommerce_400.png", "largeUrl": "https://digital.loblaws.ca/PCX/20794060002_EA/en/1/4157010916_en_front_centre_marketing_A_1_GS1_Ecommerce_800.png", "extraLargeUrl": "https://digital.loblaws.ca/PCX/20794060002_EA/en/1/4157010916_en_front_centre_marketing_A_1_GS1_Ecommerce_1200.png", "smallRetinaUrl": "https://digital.loblaws.ca/PCX/20794060002_EA/en/1/4157010916_en_front_centre_marketing_A_1_GS1_Ecommerce_250.png", "mediumRetinaUrl": "https://digital.loblaws.ca/PCX/20794060002_EA/en/1/4157010916_en_front_centre_marketing_A_1_GS1_Ecommerce_400.png", "largeRetinaUrl": "https://digital.loblaws.ca/PCX/20794060002_EA/en/1/4157010916_en_front_centre_marketing_A_1_GS1_Ecommerce_800.png"}], "brand": "Blue Diamond", "title": "Almond Breeze Almond Milk, Unsweetened Vanilla", "description": "Almond Breeze is a delicious way to be good to yourself!.<br><br>From The Almond People", "packageSizing": "1.89 l, $0.17/100ml", "pricing": {"price": "3.29", "wasPrice": "$4.00", "displayPrice": "$3.29", "memberOnlyPrice": null, "mopDisplayPrice": null, "ehfTotal": null, "environmentalHandlingFee": null, "taxInfo": ""}, "pricingUnits": {"type": "SOLD_BY_EACH", "unit": "ea", "interval": 1, "minOrderQuantity": 1, "maxOrderQuantity": 24, "weighted": false}, "deal": {"type": "SALE", "text": "SAVE $0.71", "points": 0, "name": "SALE", "expiryDate": "2026-01-28T00:00:00Z", "dealPrice": null}, "mopDeal": null, "pcoDeal": null, "inventoryIndicator": null, "offerType": "OG", "offerId": "OG", "action": null, "isVariant": false, "link": "/en/almond-breeze-almond-milk-unsweetened-vanilla/p/20794060002_EA", "productVendor": null, "productVariant": null, "textBadge": "", "variantTheme": null, "articleNumber": "20794060002", "uom": "EA", "sponsoredCreative": null, "isSponsored": false, "isComplementarySponsored": false, "complementarySponsoredBadgeText": null, "productBadge": {"badgeId": "SUBSCRIBE_EARN", "badgeClass": "badge06", "text": "Subscribe & Earn", "icon": null}}}}
{"store": "Real Canadian Superstore", "site_slug": "realcanadiansuperstore", "source_url": "/search?search-bar=milk&page=1", "scrape_ts": "2026-01-02T05:17:50.959803Z", "external_id": "20328231002_EA", "name": "Almond Milk Alternative, Unsweetened, Dairy Free", "brand": "Silk", "size_text": "1.89 l, $0.25/100ml", "price": 4.79, "currency": "CAD", "unit_price": 0.25, "unit_price_uom": "100ml", "image_url": "https://digital.loblaws.ca/PCX/20328231002_EA/en/1/20328231002_en_front_800.png", "category_path": null, "availability": "in_stock", "query_category": "milk", "raw_source": {"type": "next-data", "data": {"index": 50, "promotions": [{"type": "DEAL", "quantity": null, "savings": null, "value": null, "promoCode": "000002787535", "expiryDate": "9999-12-31T00:00:00Z", "title": null, "promoType": null, "pricingMethod": "3", "text": "PC Optimum Points", "reward": "$_FIXED", "callToAction": {"text": "Shop Offer", "url": "/shop-by-promo/000002787535"}}], "productId": "20328231002_EA", "productImage": [{"imageUrl": "https://digital.loblaws.ca/PCX/20328231002_EA/en/1/20328231002_en_front_1200.png", "thumbnailUrl": "https://digital.loblaws.ca/PCX/20328231002_EA/en/1/20328231002_en_front_120.png", "smallUrl": "https://digital.loblaws.ca/PCX/20328231002_EA/en/1/20328231002_en_front_250.png", "mediumUrl": "https://digital.loblaws.ca/PCX/20328231002_EA/en/1/20328231002_en_front_400.png", "largeUrl": "https://digital.loblaws.ca/PCX/20328231002_EA/en/1/20328231002_en_front_800.png", "extraLargeUrl": "https://digital.loblaws.ca/PCX/20328231002_EA/en/1/20328231002_en_front_1200.png", "smallRetinaUrl": "https://digital.loblaws.ca/PCX/20328231002_EA/en/1/20328231002_en_front_250.png", "mediumRetinaUrl": "https://digital.loblaws.ca/PCX/20328231002_EA/en/1/20328231002_en_front_400.png", "largeRetinaUrl": "https://digital.loblaws.ca/PCX/20328231002_EA/en/1/20328231002_en_front_800.png"}], "brand": "Silk", "title": "Almond Milk Alternative, Unsweetened, Dairy Free", "description": "<p>Oh, yes, it is… a mere 30 calories per serving. Enjoy the goodness of Silk® Zero Sugar Original Almond Beverage for less than half the calories of skim milk. Over cereal, in recipes and more, you won’t miss the sugar, and you’ll be delighted by the taste.*Voted most trusted Almond Plant-Based Beverage by Canadian shoppers based on the 2024 BrandSpark® Canadian Trust Study.</p><ul><li>Vegan</li><li>Dairy free</li><li>Absolutely no cholesterol or saturated fat</li><li>Verified by the Non-GMO Project’s product verification program</li><li>No artificial colours, flavors or funny business</li></ul>", "packageSizing": "1.89 l, $0.25/100ml", "pricing": {"price": "4.79", "wasPrice": null, "displayPrice": "$4.79", "memberOnlyPrice": null, "mopDisplayPrice": null, "ehfTotal": null, "environmentalHandlingFee": null, "taxInfo": ""}, "pricingUnits": {"type": "SOLD_BY_EACH", "unit": "ea", "interval": 1, "minOrderQuantity": 1, "maxOrderQuantity": 24, "weighted": false}, "deal": {"type": "MULTI", "text": "$4.00 MIN 2", "points": 0, "name": "MULTI", "expiryDate": null, "dealPrice": null}, "mopDeal": null, "pcoDeal": null, "inventoryIndicator": null, "offerType": "OG", "offerId": "OG", "action": null, "isVariant": false, "link": "/en/almond-milk-alternative-unsweetened-dairy-free/p/20328231002_EA", "productVendor": null, "productVariant": null, "textBadge": "", "variantTheme": null, "articleNumber": "20328231002", "uom": "EA", "sponsoredCreative": null, "isSponsored": false, "isComplementarySponsored": false, "complementarySponsoredBadgeText": null, "productBadge": {"badgeId": "SUBSCRIBE_EARN", "badgeClass": "badge06", "text": "Subscribe & Earn", "icon": null}}}}
{"store": "Real Canadian Superstore", "site_slug": "realcanadiansuperstore", "source_url": "/search?search-bar=skim milk&page=1", "scrape_ts": "2026-01-02T05:20:47.704205Z", "external_id": "20075226_EA", "name": "0% Microfiltered Milk", "brand": "Neilson", "size_text": "4 l, $0.17/100ml", "price": 6.88, "currency": "CAD", "unit_price": 0.17, "unit_price_uom": "100ml", "image_url": "https://digital.loblaws.ca/PCX/20075226_EA/en/1/20075226_en_front_v1_800.png", "category_path": null, "availability": "in_stock", "query_category": "skim milk", "raw_source": {"type": "next-data", "data": {"index": 1, "promotions": [], "productId": "20075226_EA", "productImage": [{"imageUrl": "https://digital.loblaws.ca/PCX/20075226_EA/en/1/20075226_en_front_v1_1200.png", "thumbnailUrl": "https://digital.loblaws.ca/PCX/20075226_EA/en/1/20075226_en_front_v1_120.png", "smallUrl": "https://digital.loblaws.ca/PCX/20075226_EA/en/1/20075226_en_front_v1_250.png", "mediumUrl": "https://digital.loblaws.ca/PCX/20075226_EA/en/1/20075226_en_front_v1_400.png", "largeUrl": "https://digital.loblaws.ca/PCX/20075226_EA/en/1/20075226_en_front_v1_800.png", "extraLargeUrl": "https://digital.loblaws.ca/PCX/20075226_EA/en/1/20075226_en_front_v1_1200.png", "smallRetinaUrl": "https://digital.loblaws.ca/PCX/20075226_EA/en/1/20075226_en_front_v1_250.png", "mediumRetinaUrl": "https://digital.loblaws.ca/PCX/20075226_EA/en/1/20075226_en_front_v1_400.png", "largeRetinaUrl": "https://digital.loblaws.ca/PCX/20075226_EA/en/1/20075226_en_front_v1_800.png"}], "brand": "Neilson", "title": "0% Microfiltered Milk", "description": "Fresh, wholesome milk… naturally from Neilson.Since 1893, Neilson has stood for high quality dairy products. Neilson has always been committed to using the best ingredients, people and processes to produce great tasting quality milk you can depend on. Always fresh, always delicious and always an excellent source of calcium, protein and vitamin D.", "packageSizing": "4 l, $0.17/100ml", "pricing": {"price": "6.88", "wasPrice": null, "displayPrice": "$6.88", "memberOnlyPrice": null, "mopDisplayPrice": null, "ehfTotal": null, "environmentalHandlingFee": null, "taxInfo": ""}, "pricingUnits": {"type": "SOLD_BY_EACH", "unit": "ea", "interval": 1, "minOrderQuantity": 1, "maxOrderQuantity": 24, "weighted": false}, "deal": null, "mopDeal": null, "pcoDeal": null, "inventoryIndicator": null, "offerType": "OG", "offerId": "OG", "action": null, "isVariant": false, "link": "/en/0-microfiltered-milk/p/20075226_EA", "productVendor": null, "productVariant": null, "textBadge": "", "variantTheme": null, "articleNumber": "20075226", "uom": "EA", "sponsoredCreative": {"adGroupId": "08faf8d0-9efa-4b40-8f8f-104e8496e7cd", "campaignId": "29417d32-f885-4466-bc4b-f97b369e3a7c", "placementId": "fdf076c0-aef1-4f4f-8a4b-c9c88ec1f7bb", "encryptedCost": "crOaF6ktQ303YRtwiQsNF3+yGIhxyGdWmTuWnqwgSKo=", "creativeId": "ac0b5b14-85f6-4562-b9c8-b122efd88c82", "servingId": "6b6656f5-8e97-45ca-9a19-88b4a09fcb8f", "keyword": "skim milk", "targetedKeyword": "milk", "matchType": "PHRASE_MATCH", "targetPageType": "SRP"}, "isSponsored": true, "isComplementarySponsored": false, "complementarySponsoredBadgeText": null, "productBadge": {"badgeId": "SPONSORED", "badgeClass": null, "text": "Sponsored", "icon": null}}}}
{"store": "Real Canadian Superstore", "site_slug": "realcanadiansuperstore", "source_url": "/search?search-bar=skim milk&page=1", "scrape_ts": "2026-01-02T05:20:47.704205Z", "external_id": "20172914_EA", "name": "0% Skim Milk", "brand": "Neilson", "size_text": "4 l, $0.16/100ml", "price": 6.25, "currency": "CAD", "unit_price": 0.16, "unit_price_uom": "100ml", "image_url": "https://digital.loblaws.ca/PCX/20172914_EA/en/1/20172914_en_front_v1_800.png", "category_path": null, "availability": "in_stock", "query_category": "skim milk", "raw_source": {"type": "next-data", "data": {"index": 2, "promotions": [], "productId": "20172914_EA", "productImage": [{"imageUrl": "https://digital.loblaws.ca/PCX/20172914_EA/en/1/20172914_en_front_v1_1200.png", "thumbnailUrl": "https://digital.loblaws.ca/PCX/20172914_EA/en/1/20172914_en_front_v1_120.png", "smallUrl": "https://digital.loblaws.ca/PCX/20172914_EA/en/1/20172914_en_front_v1_250.png", "mediumUrl": "https://digital.loblaws.ca/PCX/20172914_EA/en/1/20172914_en_front_v1_400.png", "largeUrl": "https://digital.loblaws.ca/PCX/20172914_EA/en/1/20172914_en_front_v1_800.png", "extraLargeUrl": "https://digital.loblaws.ca/PCX/20172914_EA/en/1/20172914_en_front_v1_1200.png", "smallRetinaUrl": "https://digital.loblaws.ca/PCX/20172914_EA/en/1/20172914_en_front_v1_250.png", "mediumRetinaUrl": "https://digital.loblaws.ca/PCX/20172914_EA/en/1/20172914_en_front_v1_400.png", "largeRetinaUrl": "https://digital.loblaws.ca/PCX/20172914_EA/en/1/20172914_en_front_v1_800.png"}], "brand": "Neilson", "title": "0% Skim Milk", "description": "Fresh, wholesome milk… naturally from Neilson.Since 1893, Neilson has stood for high quality dairy products. Neilson has always been committed to using the best ingredients, people and processes to produce great tasting quality milk you can depend on. Always fresh, always delicious and always an excellent source of calcium, protein and vitamin D.", "packageSizing": "4 l, $0.16/100ml", "pricing": {"price": "6.25", "wasPrice": null, "displayPrice": "$6.25", "memberOnlyPrice": null, "mopDisplayPrice": null, "ehfTotal": null, "environmentalHandlingFee": null, "taxInfo": ""}, "pricingUnits": {"type": "SOLD_BY_EACH", "unit": "ea", "interval": 1, "minOrderQuantity": 1, "maxOrderQuantity": 24, "weighted": false}, "deal": null, "mopDeal": null, "pcoDeal": null, "inventoryIndicator": null, "offerType": "OG", "offerId": "OG", "action": null, "isVariant": false, "link": "/en/0-skim-milk/p/20172914_EA", "productVendor": null, "productVariant": null, "textBadge": "", "variantTheme": null, "articleNumber": "20172914", "uom": "EA", "sponsoredCreative": null, "isSponsored": false, "isComplementarySponsored": false, "complementarySponsoredBadgeText": null, "productBadge": {"badgeId": "PREPARED_IN_CANADA", "badgeClass": "badge11", "text": "Prepared in Canada", "icon": {"url": "https://dis-prod.assetful.loblaw.ca/content/dam/loblaw-companies-limited/creative-assets/pc-optimum/global-list/maple-leaf-red.png", "altText": "", "placement": "LEFT"}}}}}
{"store": "Real Canadian Superstore", "site_slug": "realcanadiansuperstore", "source_url": "/search?search-bar=skim milk&page=1", "scrape_ts": "2026-01-02T05:20:47.704205Z", "external_id": "21163396_EA", "name": "0% Ultrafiltered Skim Milk", "brand": "Neilson", "size_text": "1 l, $0.40/100ml", "price": 4.0, "currency": "CAD", "unit_price": 0.4, "unit_price_uom": "100ml", "image_url": "https://digital.loblaws.ca/PCX/21163396_EA/en/1/21163396_en_front_v2_800.png", "category_path": null, "availability": "in_stock", "query_category": "skim milk", "raw_source": {"type": "next-data", "data": {"index": 3, "promotions": [], "productId": "21163396_EA", "productImage": [{"imageUrl": "https://digital.loblaws.ca/PCX/21163396_EA/en/1/21163396_en_front_v2_1200.png", "thumbnailUrl": "https://digital.loblaws.ca/PCX/21163396_EA/en/1/21163396_en_front_v2_120.png", "smallUrl": "https://digital.loblaws.ca/PCX/21163396_EA/en/1/21163396_en_front_v2_250.png", "mediumUrl": "https://digital.loblaws.ca/PCX/21163396_EA/en/1/21163396_en_front_v2_400.png", "largeUrl": "https://digital.loblaws.ca/PCX/21163396_EA/en/1/21163396_en_front_v2_800.png", "extraLargeUrl": "https://digital.loblaws.ca/PCX/21163396_EA/en/1/21163396_en_front_v2_1200.png", "smallRetinaUrl": "https://digital.loblaws.ca/PCX/21163396_EA/en/1/21163396_en_front_v2_250.png", "mediumRetinaUrl": "https://digital.loblaws.ca/PCX/21163396_EA/en/1/21163396_en_front_v2_400.png", "largeRetinaUrl": "https://digital.loblaws.ca/PCX/21163396_EA/en/1/21163396_en_front_v2_800.png"}], "brand": "Neilson", "title": "0% Ultrafiltered Skim Milk", "description": "<p>Neilson. Part of your family since 1893.Get more out of your glass with Neilson Ultrafiltered Skim Milk. Made with 100% Canadian milk and enhanced through ultrafiltration, it delivers 18 grams of high-quality protein from milk in every 250 mL serving—perfect for fueling your day, your workout, or your recovery.</p>", "packageSizing": "1 l, $0.40/100ml", "pricing": {"price": "4.00", "wasPrice": "$4.83", "displayPrice": "$4.00", "memberOnlyPrice": null, "mopDisplayPrice": null, "ehfTotal": null, "environmentalHandlingFee": null, "taxInfo": ""}, "pricingUnits": {"type": "SOLD_BY_EACH", "unit": "ea", "interval": 1, "minOrderQuantity": 1, "maxOrderQuantity": 24, "weighted": false}, "deal": {"type": "SALE", "text": "SAVE $0.83", "points": 0, "name": "SALE", "expiryDate": "2026-01-07T00:00:00Z", "dealPrice": null}, "mopDeal": null, "pcoDeal": null, "inventoryIndicator": null, "offerType": "OG", "offerId": "OG", "action": null, "isVariant": false, "link": "/en/0-ultrafiltered-skim-milk/p/21163396_EA", "productVendor": null, "productVariant": null, "textBadge": "", "variantTheme": null, "articleNumber": "21163396", "uom": "EA", "sponsoredCreative": {"adGroupId": "4219728c-f2a1-4f5f-9dfa-0a53d87c84a4", "campaignId": "29417d32-f885-4466-bc4b-f97b369e3a7c", "placementId": "fdf076c0-aef1-4f4f-8a4b-c9c88ec1f7bb", "encryptedCost": "OVM+9gzJNRHhXAkglh1WU5ZCcO0cscGP7M361c2Sp6s=", "creativeId": "5c52348b-0918-45a8-8ced-8efaf57d6cf8", "servingId": "6b6656f5-8e97-45ca-9a19-88b4a09fcb8f", "keyword": "skim milk", "targetedKeyword": "milk", "matchType": "PHRASE_MATCH", "targetPageType": "SRP"}, "isSponsored": true, "isComplementarySponsored": false, "complementarySponsoredBadgeText": null, "productBadge": {"badgeId": "SPONSORED", "badgeClass": null, "text": "Sponsored", "icon": null}}}}
{"store": "Real Canadian Superstore", "site_slug": "realcanadiansuperstore", "source_url": "/search?search-bar=skim milk&page=1", "scrape_ts": "2026-01-02T05:20:47.704205Z", "external_id": "20100963_EA", "name": "0% Microfiltered Milk", "brand": "Neilson", "size_text": "1 l, $0.37/100ml", "price": 3.68, "currency": "CAD", "unit_price": 0.37, "unit_price_uom": "100ml", "image_url": "https://digital.loblaws.ca/PCX/20100963_EA/en/1/20100963_en_front_v1_800.png", "category_path": null, "availability": "in_stock", "query_category": "skim milk", "raw_source": {"type": "next-data", "data": {"index": 4, "promotions": [], "productId": "20100963_EA", "productImage": [{"imageUrl": "https://digital.loblaws.ca/PCX/20100963_EA/en/1/20100963_en_front_v1_1200.png", "thumbnailUrl": "https://digital.loblaws.ca/PCX/20100963_EA/en/1/20100963_en_front_v1_120.png", "smallUrl": "https://digital.loblaws.ca/PCX/20100963_EA/en/1/20100963_en_front_v1_250.png", "mediumUrl": "https://digital.loblaws.ca/PCX/20100963_EA/en/1/20100963_en_front_v1_400.png", "largeUrl": "https://digital.loblaws.ca/PCX/20100963_EA/en/1/20100963_en_front_v1_800.png", "extraLargeUrl": "https://digital.loblaws.ca/PCX/20100963_EA/en/1/20100963_en_front_v1_1200.png", "smallRetinaUrl": "https://digital.loblaws.ca/PCX/20100963_EA/en/1/20100963_en_front_v1_250.png", "mediumRetinaUrl": "https://digital.loblaws.ca/PCX/20100963_EA/en/1/20100963_en_front_v1_400.png", "largeRetinaUrl": "https://digital.loblaws.ca/PCX/20100963_EA/en/1/20100963_en_front_v1_800.png"}], "brand": "Neilson", "title": "0% Microfiltered Milk", "description": "Fresh, wholesome milk… naturally from Neilson.Since 1893, Neilson has stood for high quality dairy products. Neilson has always been committed to using the best ingredients, people and processes to produce great tasting quality milk you can depend on. Always fresh, always delicious and always an excellent source of calcium, protein and vitamin D.", "packageSizing": "1 l, $0.37/100ml", "pricing": {"price": "3.68", "wasPrice": null, "displayPrice": "$3.68", "memberOnlyPrice": null, "mopDisplayPrice": null, "ehfTotal": null, "environmentalHandlingFee": null, "taxInfo": ""}, "pricingUnits": {"type": "SOLD_BY_EACH", "unit": "ea", "interval": 1, "minOrderQuantity": 1, "maxOrderQuantity": 24, "weighted": false}, "deal": null, "mopDeal": null, "pcoDeal": null, "inventoryIndicator": null, "offerType": "OG", "offerId": "OG", "action": null, "isVariant": false, "link": "/en/0-microfiltered-milk/p/20100963_EA", "productVendor": null, "productVariant": null, "textBadge": "", "variantTheme": null, "articleNumber": "20100963", "uom": "EA", "sponsoredCreative": {"adGroupId": "08faf8d0-9efa-4b40-8f8f-104e8496e7cd", "campaignId": "29417d32-f885-4466-bc4b-f97b369e3a7c", "placementId": "fdf076c0-aef1-4f4f-8a4b-c9c88ec1f7bb", "encryptedCost": "4QJQsKLea+Bw9sS3njryM3AGAlOPSs7d5z1pGCUK3hU=", "creativeId": "16af3fab-e910-4e88-9004-25bc3faeb09c", "servingId": "6b6656f5-8e97-45ca-9a19-88b4a09fcb8f", "keyword": "skim milk", "targetedKeyword": "milk", "matchType": "PHRASE_MATCH", "targetPageType": "SRP"}, "isSponsored": true, "isComplementarySponsored": false, "complementarySponsoredBadgeText": null, "productBadge": {"badgeId": "SPONSORED", "badgeClass": null, "text": "Sponsored", "icon": null}}}}
{"store": "Real Canadian Superstore", "site_slug": "realcanadiansuperstore", "source_url": "/search?search-bar=skim milk&page=1", "scrape_ts": "2026-01-02T05:20:47.704205Z", "external_id": "20181606_EA", "name": "0% Skim Milk", "brand": "Neilson", "size_text": "2 l, $0.27/100ml", "price": 5.32, "currency": "CAD", "unit_price": 0.27, "unit_price_uom": "100ml", "image_url": "https://digital.loblaws.ca/PCX/20181606_EA/en/1/20181606_en_front_v2_800.png", "category_path": null, "availability": "in_stock", "query_category": "skim milk", "raw_source": {"type": "next-data", "data": {"index": 5, "promotions": [], "productId": "20181606_EA", "productImage": [{"imageUrl": "https://digital.loblaws.ca/PCX/20181606_EA/en/1/20181606_en_front_v2_1200.png", "thumbnailUrl": "https://digital.loblaws.ca/PCX/20181606_EA/en/1/20181606_en_front_v2_120.png", "smallUrl": "https://digital.loblaws.ca/PCX/20181606_EA/en/1/20181606_en_front_v2_250.png", "mediumUrl": "https://digital.loblaws.ca/PCX/20181606_EA/en/1/20181606_en_front_v2_400.png", "largeUrl": "https://digital.loblaws.ca/PCX/20181606_EA/en/1/20181606_en_front_v2_800.png", "extraLargeUrl": "https://digital.loblaws.ca/PCX/20181606_EA/en/1/20181606_en_front_v2_1200.png", "smallRetinaUrl": "https://digital.loblaws.ca/PCX/20181606_EA/en/1/20181606_en_front_v2_250.png", "mediumRetinaUrl": "https://digital.loblaws.ca/PCX/20181606_EA/en/1/20181606_en_front_v2_400.png", "largeRetinaUrl": "https://digital.loblaws.ca/PCX/20181606_EA/en/1/20181606_en_front_v2_800.png"}], "brand": "Neilson", "title": "0% Skim Milk", "description": "Fresh, wholesome milk… naturally from Neilson.Since 1893, Neilson has stood for high quality dairy products. Neilson has always been committed to using the best ingredients, people and processes to produce great tasting quality milk you can depend on. Always fresh, always delicious and always an excellent source of calcium, protein and vitamin D.", "packageSizing": "2 l, $0.27/100ml", "pricing": {"price": "5.32", "wasPrice": null, "displayPrice": "$5.32", "memberOnlyPrice": null, "mopDisplayPrice": null, "ehfTotal": null, "environmentalHandlingFee": null, "taxInfo": ""}, "pricingUnits": {"type": "SOLD_BY_EACH", "unit": "ea", "interval": 1, "minOrderQuantity": 1, "maxOrderQuantity": 24, "weighted": false}, "deal": null, "mopDeal": null, "pcoDeal": null, "inventoryIndicator": null, "offerType": "OG", "offerId": "OG", "action": null, "isVariant": false, "link": "/en/0-skim-milk/p/20181606_EA", "productVendor": null, "productVariant": null, "textBadge": "", "variantTheme": null, "articleNumber": "20181606", "uom": "EA", "sponsoredCreative": null, "isSponsored": false, "isComplementarySponsored": false, "complementarySponsoredBadgeText": null, "productBadge": {"badgeId": "PREPARED_IN_CANADA", "badgeClass": "badge11", "text": "Prepared in Canada", "icon": {"url": "https://dis-prod.assetful.loblaw.ca/content/dam/loblaw-companies-limited/creative-assets/pc-optimum/global-list/maple-leaf-red.png", "altText": "", "placement": "LEFT"}}}}}
{"store": "Real Canadian Superstore", "site_slug": "realcanadiansuperstore", "source_url": "/search?search-bar=skim milk&page=1", "scrape_ts": "2026-01-02T05:20:47.704205Z", "external_id": "20136554_EA", "name": "1% Microfiltered Milk", "brand": "Neilson", "size_text": "4 l, $0.17/100ml", "price": 6.88, "currency": "CAD", "unit_price": 0.17, "unit_price_uom": "100ml", "image_url": "https://digital.loblaws.ca/PCX/20136554_EA/en/1/20136554_en_front_v1_800.png", "category_path": null, "availability": "in_stock", "query_category": "skim milk", "raw_source": {"type": "next-data", "data": {"index": 6, "promotions": [], "productId": "20136554_EA", "productImage": [{"imageUrl": "https://digital.loblaws.ca/PCX/20136554_EA/en/1/20136554_en_front_v1_1200.png", "thumbnailUrl": "https://digital.loblaws.ca/PCX/20136554_EA/en/1/20136554_en_front_v1_120.png", "smallUrl": "https://digital.loblaws.ca/PCX/20136554_EA/en/1/20136554_en_front_v1_250.png", "mediumUrl": "https://digital.loblaws.ca/PCX/20136554_EA/en/1/20136554_en_front_v1_400.png", "largeUrl": "https://digital.loblaws.ca/PCX/20136554_EA/en/1/20136554_en_front_v1_800.png", "extraLargeUrl": "https://digital.loblaws.ca/PCX/20136554_EA/en/1/20136554_en_front_v1_1200.png", "smallRetinaUrl": "https://digital.loblaws.ca/PCX/20136554_EA/en/1/20136554_en_front_v1_250.png", "mediumRetinaUrl": "https://digital.loblaws.ca/PCX/20136554_EA/en/1/20136554_en_front_v1_400.png", "largeRetinaUrl": "https://digital.loblaws.ca/PCX/20136554_EA/en/1/20136554_en_front_v1_800.png"}], "brand": "Neilson", "title": "1% Microfiltered Milk", "description": "Fresh, wholesome milk… naturally from Neilson.Since 1893, Neilson has stood for high quality dairy products. Neilson has always been committed to using the best ingredients, people and processes to produce great tasting quality milk you can depend on. Always fresh, always delicious and always an excellent source of calcium, protein and vitamin D.", "packageSizing": "4 l, $0.17/100ml", "pricing": {"price": "6.88", "wasPrice": null, "displayPrice": "$6.88", "memberOnlyPrice": null, "mopDisplayPrice": null, "ehfTotal": null, "environmentalHandlingFee": null, "taxInfo": ""}, "pricingUnits": {"type": "SOLD_BY_EACH", "unit": "ea", "interval": 1, "minOrderQuantity": 1, "maxOrderQuantity": 24, "weighted": false}, "deal": null, "mopDeal": null, "pcoDeal": null, "inventoryIndicator": null, "offerType": "OG", "offerId": "OG", "action": null, "isVariant": false, "link": "/en/1-microfiltered-milk/p/20136554_EA", "productVendor": null, "productVariant": null, "textBadge": "", "variantTheme": null, "articleNumber": "20136554", "uom": "EA", "sponsoredCreative": {"adGroupId": "08faf8d0-9efa-4b40-8f8f-104e8496e7cd", "campaignId": "29417d32-f885-4466-bc4b-f97b369e3a7c", "placementId": "fdf076c0-aef1-4f4f-8a4b-c9c88ec1f7bb", "encryptedCost": "P7+uLB63NY4Co8jHDlZMddg2VwOF0Znzp6sPQbg0ufw=", "creativeId": "e16397d8-a2fc-45b2-86eb-f29ee0327411", "servingId": "6b6656f5-8e97-45ca-9a19-88b4a09fcb8f", "keyword": "skim milk", "targetedKeyword": "milk", "matchType": "PHRASE_MATCH", "targetPageType": "SRP"}, "isSponsored": true, "isComplementarySponsored": false, "complementarySponsoredBadgeText": null, "productBadge": {"badgeId": "SPONSORED", "badgeClass": null, "text": "Sponsored", "icon": null}}}}
{"store": "Real Canadian Superstore", "site_slug": "realcanadiansuperstore", "source_url": "/search?search-bar=skim milk&page=1", "scrape_ts": "2026-01-02T05:20:47.704205Z", "external_id": "20176956_EA", "name": "0% Regular Skim Milk", "brand": "Neilson", "size_text": "1 l, $0.36/100ml", "price": 3.58, "currency": "CAD", "unit_price": 0.36, "unit_price_uom": "100ml", "image_url": "https://digital.loblaws.ca/PCX/20176956_EA/en/1/20176956_en_front_v1_800.png", "category_path": null, "availability": "in_stock", "query_category": "skim milk", "raw_source": {"type": "next-data", "data": {"index": 7, "promotions": [], "productId": "20176956_EA", "productImage": [{"imageUrl": "https://digital.loblaws.ca/PCX/20176956_EA/en/1/20176956_en_front_v1_1200.png", "thumbnailUrl": "https://digital.loblaws.ca/PCX/20176956_EA/en/1/20176956_en_front_v1_120.png", "smallUrl": "https://digital.loblaws.ca/PCX/20176956_EA/en/1/20176956_en_front_v1_250.png", "mediumUrl": "https://digital.loblaws.ca/PCX/20176956_EA/en/1/20176956_en_front_v1_400.png", "largeUrl": "https://digital.loblaws.ca/PCX/20176956_EA/en/1/20176956_en_front_v1_800.png", "extraLargeUrl": "https://digital.loblaws.ca/PCX/20176956_EA/en/1/20176956_en_front_v1_1200.png", "smallRetinaUrl": "https://digital.loblaws.ca/PCX/20176956_EA/en/1/20176956_en_front_v1_250.png", "mediumRetinaUrl": "https://digital.loblaws.ca/PCX/20176956_EA/en/1/20176956_en_front_v1_400.png", "largeRetinaUrl": "https://digital.loblaws.ca/PCX/20176956_EA/en/1/20176956_en_front_v1_800.png"}], "brand": "Neilson", "title": "0% Regular Skim Milk", "description": "<p>Neilson. Part of your family since 1893.Fresh, wholesome milk… naturally from Neilson.Since 1893, Neilson has stood for high quality dairy products. Neilson has always been committed to using the best ingredients, people and processes to produce great tasting quality milk you can depend on. Always fresh, always delicious and always an excellent source of calcium, protein and vitamin D.</p>", "packageSizing": "1 l, $0.36/100ml", "pricing": {"price": "3.58", "wasPrice": null, "displayPrice": "$3.58", "memberOnlyPrice": null, "mopDisplayPrice": null, "ehfTotal": null, "environmentalHandlingFee": null, "taxInfo": ""}, "pricingUnits": {"type": "SOLD_BY_EACH", "unit": "ea", "interval": 1, "minOrderQuantity": 1, "maxOrderQuantity": 24, "weighted": false}, "deal": null, "mopDeal": null, "pcoDeal": null, "inventoryIndicator": null, "offerType": "OG", "offerId": "OG", "action": null, "isVariant": false, "link": "/en/0-regular-skim-milk/p/20176956_EA", "productVendor": null, "productVariant": null, "textBadge": "", "variantTheme": null, "articleNumber": "20176956", "uom": "EA", "sponsoredCreative": null, "isSponsored": false, "isComplementarySponsored": false, "complementarySponsoredBadgeText": null, "productBadge": {"badgeId": "PREPARED_IN_CANADA", "badgeClass": "badge11", "text": "Prepared in Canada", "icon": {"url": "https://dis-prod.assetful.loblaw.ca/content/dam/loblaw-companies-limited/creative-assets/pc-optimum/global-list/maple-leaf-red.png", "altText": "", "placement": "LEFT"}}}}}
{"store": "Real Canadian Superstore", "site_slug": "realcanadiansuperstore", "source_url": "/search?search-bar=skim milk&page=1", "scrape_ts": "2026-01-02T05:20:47.704205Z", "external_id": "20188053002_EA", "name": "0% Lactose Free Milk", "brand": "Neilson", "size_text": "2 l, $0.33/100ml", "price": 6.53, "currency": "CAD", "unit_price": 0.33, "unit_price_uom": "100ml", "image_url": "https://digital.loblaws.ca/PCX/20188053002_EA/en/1/20188053002_en_front_800.png", "category_path": null, "availability": "in_stock", "query_category": "skim milk", "raw_source": {"type": "next-data", "data": {"index": 8, "promotions": [], "productId": "20188053002_EA", "productImage": [{"imageUrl": "https://digital.loblaws.ca/PCX/20188053002_EA/en/1/20188053002_en_front_1200.png", "thumbnailUrl": "https://digital.loblaws.ca/PCX/20188053002_EA/en/1/20188053002_en_front_120.png", "smallUrl": "https://digital.loblaws.ca/PCX/20188053002_EA/en/1/20188053002_en_front_250.png", "mediumUrl": "https://digital.loblaws.ca/PCX/20188053002_EA/en/1/20188053002_en_front_400.png", "largeUrl": "https://digital.loblaws.ca/PCX/20188053002_EA/en/1/20188053002_en_front_800.png", "extraLargeUrl": "https://digital.loblaws.ca/PCX/20188053002_EA/en/1/20188053002_en_front_1200.png", "smallRetinaUrl": "https://digital.loblaws.ca/PCX/20188053002_EA/en/1/20188053002_en_front_250.png", "mediumRetinaUrl": "https://digital.loblaws.ca/PCX/20188053002_EA/en/1/20188053002_en_front_400.png", "largeRetinaUrl": "https://digital.loblaws.ca/PCX/20188053002_EA/en/1/20188053002_en_front_800.png"}], "brand": "Neilson", "title": "0% Lactose Free Milk", "description": "Neilson TruTaste Lactose Free milk is easier to digest for those of you who suffer from lactose intolerance. It’s a fresh and delicious option that provides the calcium, protein, vitamins A and D that your body needs without sacrificing great taste. Taste wholesome goodness and savour the TruTaste difference!Neilson Trutaste, voted #1 Most Trusted Milk Brand by Brandspark.", "packageSizing": "2 l, $0.33/100ml", "pricing": {"price": "6.53", "wasPrice": null, "displayPrice": "$6.53", "memberOnlyPrice": null, "mopDisplayPrice": null, "ehfTotal": null, "environmentalHandlingFee": null, "taxInfo": ""}, "pricingUnits": {"type": "SOLD_BY_EACH", "unit": "ea", "interval": 1, "minOrderQuantity": 1, "maxOrderQuantity": 24, "weighted": false}, "deal": null, "mopDeal": null, "pcoDeal": null, "inventoryIndicator": null, "offerType": "OG", "offerId": "OG", "action": null, "isVariant": false, "link": "/en/0-lactose-free-milk/p/20188053002_EA", "productVendor": null, "productVariant": null, "textBadge": "", "variantTheme": null, "articleNumber": "20188053002", "uom": "EA", "sponsoredCreative": {"adGroupId": "23fe5228-60f6-4ce2-8960-e1cb33c1dc03", "campaignId": "29417d32-f885-4466-bc4b-f97b369e3a7c", "placementId": "fdf076c0-aef1-4f4f-8a4b-c9c88ec1f7bb", "encryptedCost": "Zq6hSGUSKcS7Ora1ypWiZSanGsSaoo9x2zmW57XdrAg=", "creativeId": "0c1de408-ca7b-446b-a78a-5c30a4b5eec5", "servingId": "6b6656f5-8e97-45ca-9a19-88b4a09fcb8f", "keyword": "skim milk", "targetedKeyword": "milk", "matchType": "PHRASE_MATCH", "targetPageType": "SRP"}, "isSponsored": true, "isComplementarySponsored": false, "complementarySponsoredBadgeText": null, "productBadge": {"badgeId": "SPONSORED", "badgeClass": null, "text": "Sponsored", "icon": null}}}}
{"store": "Real Canadian Superstore", "site_slug": "realcanadiansuperstore", "source_url": "/search?search-bar=skim milk&page=1", "scrape_ts": "2026-01-02T05:20:47.704205Z", "external_id": "20058742_EA", "name": "0% Microfiltered Milk", "brand": "Neilson", "size_text": "2 l, $0.28/100ml", "price": 5.69, "currency": "CAD", "unit_price": 0.28, "unit_price_uom": "100ml", "image_url": "https://digital.loblaws.ca/PCX/20058742_EA/en/1/20058742_en_front_v1_800.png", "category_path": null, "availability": "out_of_stock", "query_category": "skim milk", "raw_source": {"type": "next-data", "data": {"index": 9, "promotions": [], "productId": "20058742_EA", "productImage": [{"imageUrl": "https://digital.loblaws.ca/PCX/20058742_EA/en/1/20058742_en_front_v1_1200.png", "thumbnailUrl": "https://digital.loblaws.ca/PCX/20058742_EA/en/1/20058742_en_front_v1_120.png", "smallUrl": "https://digital.loblaws.ca/PCX/20058742_EA/en/1/20058742_en_front_v1_250.png", "mediumUrl": "https://digital.loblaws.ca/PCX/20058742_EA/en/1/20058742_en_front_v1_400.png", "largeUrl": "https://digital.loblaws.ca/PCX/20058742_EA/en/1/20058742_en_front_v1_800.png", "extraLargeUrl": "https://digital.loblaws.ca/PCX/20058742_EA/en/1/20058742_en_front_v1_1200.png", "smallRetinaUrl": "https://digital.loblaws.ca/PCX/20058742_EA/en/1/20058742_en_front_v1_250.png", "mediumRetinaUrl": "https://digital.loblaws.ca/PCX/20058742_EA/en/1/20058742_en_front_v1_400.png", "largeRetinaUrl": "https://digital.loblaws.ca/PCX/20058742_EA/en/1/20058742_en_front_v1_800.png"}], "brand": "Neilson", "title": "0% Microfiltered Milk", "description": "Fresh, wholesome milk… naturally from Neilson.Since 1893, Neilson has stood for high quality dairy products. Neilson has always been committed to using the best ingredients, people and processes to produce great tasting quality milk you can depend on. Always fresh, always delicious and always an excellent source of calcium, protein and vitamin D.", "packageSizing": "2 l, $0.28/100ml", "pricing": {"price": "5.69", "wasPrice": null, "displayPrice": "$5.69", "memberOnlyPrice": null, "mopDisplayPrice": null, "ehfTotal": null, "environmentalHandlingFee": null, "taxInfo": ""}, "pricingUnits": {"type": "SOLD_BY_EACH", "unit": "ea", "interval": 1, "minOrderQuantity": 1, "maxOrderQuantity": 24, "weighted": false}, "deal": null, "mopDeal": null, "pcoDeal": null, "inventoryIndicator": {"indicatorId": "OUT", "text": "Out of Stock"}, "offerType": "OG", "offerId": "OG", "action": null, "isVariant": false, "link": "/en/0-microfiltered-milk/p/20058742_EA", "productVendor": null, "productVariant": null, "textBadge": "out-of-stock", "variantTheme": null, "articleNumber": "20058742", "uom": "EA", "sponsoredCreative": null, "isSponsored": false, "isComplementarySponsored": false, "complementarySponsoredBadgeText": null, "productBadge": {"badgeId": "PREPARED_IN_CANADA", "badgeClass": "badge11", "text": "Prepared in Canada", "icon": {"url": "https://dis-prod.assetful.loblaw.ca/content/dam/loblaw-companies-limited/creative-assets/pc-optimum/global-list/maple-leaf-red.png", "altText": "", "placement": "LEFT"}}}}}
{"store": "Real Canadian Superstore", "site_slug": "realcanadiansuperstore", "source_url": "/search?search-bar=skim milk&page=1", "scrape_ts": "2026-01-02T05:20:47.704205Z", "external_id": "20130270_EA", "name": "2% Microfiltered Milk", "brand": "Neilson", "size_text": "2 l, $0.28/100ml", "price": 5.69, "currency": "CAD", "unit_price": 0.28, "unit_price_uom": "100ml", "image_url": "https://digital.loblaws.ca/PCX/20130270_EA/en/1/20130270_en_front_800.png", "category_path": null, "availability": "in_stock", "query_category": "skim milk", "raw_source": {"type": "next-data", "data": {"index": 10, "promotions": [], "productId": "20130270_EA", "productImage": [{"imageUrl": "https://digital.loblaws.ca/PCX/20130270_EA/en/1/20130270_en_front_1200.png", "thumbnailUrl": "https://digital.loblaws.ca/PCX/20130270_EA/en/1/20130270_en_front_120.png", "smallUrl": "https://digital.loblaws.ca/PCX/20130270_EA/en/1/20130270_en_front_250.png", "mediumUrl": "https://digital.loblaws.ca/PCX/20130270_EA/en/1/20130270_en_front_400.png", "largeUrl": "https://digital.loblaws.ca/PCX/20130270_EA/en/1/20130270_en_front_800.png", "extraLargeUrl": "https://digital.loblaws.ca/PCX/20130270_EA/en/1/20130270_en_front_1200.png", "smallRetinaUrl": "https://digital.loblaws.ca/PCX/20130270_EA/en/1/20130270_en_front_250.png", "mediumRetinaUrl": "https://digital.loblaws.ca/PCX/20130270_EA/en/1/20130270_en_front_400.png", "largeRetinaUrl": "https://digital.loblaws.ca/PCX/20130270_EA/en/1/20130270_en_front_800.png"}], "brand": "Neilson", "title": "2% Microfiltered Milk", "description": "Fresh, wholesome milk… naturally from Neilson.Since 1893, Neilson has stood for high quality dairy products. Neilson has always been committed to using the best ingredients, people and processes to produce great tasting quality milk you can depend on. Always fresh, always delicious and always an excellent source of calcium, protein and vitamin D.", "packageSizing": "2 l, $0.28/100ml", "pricing": {"price": "5.69", "wasPrice": null, "displayPrice": "$5.69", "memberOnlyPrice": null, "mopDisplayPrice": null, "ehfTotal": null, "environmentalHandlingFee": null, "taxInfo": ""}, "pricingUnits": {"type": "SOLD_BY_EACH", "unit": "ea", "interval": 1, "minOrderQuantity": 1, "maxOrderQuantity": 24, "weighted": false}, "deal": null, "mopDeal": null, "pcoDeal": null, "inventoryIndicator": null, "offerType": "OG", "offerId": "OG", "action": null, "isVariant": false, "link": "/en/2-microfiltered-milk/p/20130270_EA", "productVendor": null, "productVariant": null, "textBadge": "", "variantTheme": null, "articleNumber": "20130270", "uom": "EA", "sponsoredCreative": {"adGroupId": "08faf8d0-9efa-4b40-8f8f-104e8496e7cd", "campaignId": "29417d32-f885-4466-bc4b-f97b369e3a7c", "placementId": "fdf076c0-aef1-4f4f-8a4b-c9c88ec1f7bb", "encryptedCost": "2u0sw5/ncr8yP7xB2wDystW+dH1kB6mHInkL2YWduZI=", "creativeId": "cd847821-3691-4263-80cb-6ed85745ff55", "servingId": "6b6656f5-8e97-45ca-9a19-88b4a09fcb8f", "keyword": "skim milk", "targetedKeyword": "milk", "matchType": "PHRASE_MATCH", "targetPageType": "SRP"}, "isSponsored": true, "isComplementarySponsored": false, "complementarySponsoredBadgeText": null, "productBadge": {"badgeId": "SPONSORED", "badgeClass": null, "text": "Sponsored", "icon": null}}}}
{"store": "Real Canadian Superstore", "site_slug": "realcanadiansuperstore", "source_url": "/search?search-bar=skim milk&page=1", "scrape_ts": "2026-01-02T05:20:47.704205Z", "external_id": "21128364_EA", "name": "Skim Milk", "brand": "Fairlife", "size_text": "1.5 l, $0.50/100ml", "price": 7.49, "currency": "CAD", "unit_price": 0.5, "unit_price_uom": "100ml", "image_url": "https://digital.loblaws.ca/PCX/21128364_EA/en/1/21128364_en_front_v3_800.png", "category_path": null, "availability": "in_stock", "query_category": "skim milk", "raw_source": {"type": "next-data", "data": {"index": 11, "promotions": [], "productId": "21128364_EA", "productImage": [{"imageUrl": "https://digital.loblaws.ca/PCX/21128364_EA/en/1/21128364_en_front_v3_1200.png", "thumbnailUrl": "https://digital.loblaws.ca/PCX/21128364_EA/en/1/21128364_en_front_v3_120.png", "smallUrl": "https://digital.loblaws.ca/PCX/21128364_EA/en/1/21128364_en_front_v3_250.png", "mediumUrl": "https://digital.loblaws.ca/PCX/21128364_EA/en/1/21128364_en_front_v3_400.png", "largeUrl": "https://digital.loblaws.ca/PCX/21128364_EA/en/1/21128364_en_front_v3_800.png", "extraLargeUrl": "https://digital.loblaws.ca/PCX/21128364_EA/en/1/21128364_en_front_v3_1200.png", "smallRetinaUrl": "https://digital.loblaws.ca/PCX/21128364_EA/en/1/21128364_en_front_v3_250.png", "mediumRetinaUrl": "https://digital.loblaws.ca/PCX/21128364_EA/en/1/21128364_en_front_v3_400.png", "largeRetinaUrl": "https://digital.loblaws.ca/PCX/21128364_EA/en/1/21128364_en_front_v3_800.png"}], "brand": "Fairlife", "title": "Skim Milk", "description": "<p>We are driven by a simple belief: we can always make the world better. Proper nourishment allows us all to grow and thrive. All our milk flows through soft filters to concentrate protein while filtering out half of the natural sugars. Our delicious fairlife ultra-filtered milk has 50% less sugar and 50% more protein than regular chocolate milk. Plus, there are no artificial growth hormones used and it's lactose-free. So sip, drink, and chug as you enjoy our delicious ultra-filtered milk, eh?</p><ul><li>Made with 100% quality Canadian milk</li><li>50% less sugar and 50% more protein than regular chocolate milk</li><li>Delicious, satisfying, and lactose-free</li><li>No artificial growth hormones used</li></ul>", "packageSizing": "1.5 l, $0.50/100ml", "pricing": {"price": "7.49", "wasPrice": null, "displayPrice": "$7.49", "memberOnlyPrice": null, "mopDisplayPrice": null, "ehfTotal": null, "environmentalHandlingFee": null, "taxInfo": ""}, "pricingUnits": {"type": "SOLD_BY_EACH", "unit": "ea", "interval": 1, "minOrderQuantity": 1, "maxOrderQuantity": 24, "weighted": false}, "deal": null, "mopDeal": null, "pcoDeal": null, "inventoryIndicator": null, "offerType": "OG", "offerId": "OG", "action": null, "isVariant": false, "link": "/en/skim-milk/p/21128364_EA", "productVendor": null, "productVariant": null, "textBadge": "", "variantTheme": null, "articleNumber": "21128364", "uom": "EA", "sponsoredCreative": null, "isSponsored": false, "isComplementarySponsored": false, "complementarySponsoredBadgeText": null, "productBadge": {"badgeId": "PREPARED_IN_CANADA", "badgeClass": "badge11", "text": "Prepared in Canada", "icon": {"url": "https://dis-prod.assetful.loblaw.ca/content/dam/loblaw-companies-limited/creative-assets/pc-optimum/global-list/maple-leaf-red.png", "altText": "", "placement": "LEFT"}}}}}
{"store": "Real Canadian Superstore", "site_slug": "realcanadiansuperstore", "source_url": "/search?search-bar=skim milk&page=1", "scrape_ts": "2026-01-02T05:20:47.704205Z", "external_id": "21667577_EA", "name": "Oatmeal Crisp Vanilla Protein Cereal", "brand": "General Mills", "size_text": "455 g, $1.07/100g", "price": 4.87, "currency": "CAD", "unit_price": 1.07, "unit_price_uom": "100g", "image_url": "https://digital.loblaws.ca/PCX/21667577_EA/en/1/21667577_en_front_v3_800.png", "category_path": null, "availability": "in_stock", "query_category": "skim milk", "raw_source": {"type": "next-data", "data": {"index": 12, "promotions": [], "productId": "21667577_EA", "productImage": [{"imageUrl": "https://digital.loblaws.ca/PCX/21667577_EA/en/1/21667577_en_front_v3_1200.png", "thumbnailUrl": "https://digital.loblaws.ca/PCX/21667577_EA/en/1/21667577_en_front_v3_120.png", "smallUrl": "https://digital.loblaws.ca/PCX/21667577_EA/en/1/21667577_en_front_v3_250.png", "mediumUrl": "https://digital.loblaws.ca/PCX/21667577_EA/en/1/21667577_en_front_v3_400.png", "largeUrl": "https://digital.loblaws.ca/PCX/21667577_EA/en/1/21667577_en_front_v3_800.png", "extraLargeUrl": "https://digital.loblaws.ca/PCX/21667577_EA/en/1/21667577_en_front_v3_1200.png", "smallRetinaUrl": "https://digital.loblaws.ca/PCX/21667577_EA/en/1/21667577_en_front_v3_250.png", "mediumRetinaUrl": "https://digital.loblaws.ca/PCX/21667577_EA/en/1/21667577_en_front_v3_400.png", "largeRetinaUrl": "https://digital.loblaws.ca/PCX/21667577_EA/en/1/21667577_en_front_v3_800.png"}], "brand": "General Mills", "title": "Oatmeal Crisp Vanilla Protein Cereal", "description": "<p>Oatmeal Crisp Vanilla Protein cereal. So good it'll have you saying \"\"Damn\"\" in a good way! Made with whole grains, this cereal offers crunchy flakes and tasty granola pieces. It offers 15 g protein per serving  when served with 125 mL of skim milk, plus a high source of fibre. Pair with yogurt or top with berries or nuts. Great for trail mix, too!</p><ul><li>PROTEIN CEREAL: This tasty cereal delivers 15 g of protein per serving when served with 125 mL of skim milk</li><li>WHOLE GRAIN: Made with whole grains, dig into these delicious flakes and crunchy granola pieces</li><li>FIBRE AND MORE: This cereal is a high source of fibre; It's also a source of 10 essential vitamins and minerals per serving</li><li>BREAKFAST AND BEYOND: Delicious with milk in the morning; Take some with you for a crunchy snack; Sprinkle some on your yogurt for an extra boost of protein</li><li>CONTAINS: One 455 g box of Oatmeal Crisp Protein Vanilla Cereal</li></ul>", "packageSizing": "455 g, $1.07/100g", "pricing": {"price": "4.87", "wasPrice": "$7.99", "displayPrice": "$4.87", "memberOnlyPrice": null, "mopDisplayPrice": null, "ehfTotal": null, "environmentalHandlingFee": null, "taxInfo": ""}, "pricingUnits": {"type": "SOLD_BY_EACH", "unit": "ea", "interval": 1, "minOrderQuantity": 1, "maxOrderQuantity": 25, "weighted": false}, "deal": {"type": "SALE", "text": "SAVE $3.12", "points": 0, "name": "SALE", "expiryDate": "2026-01-07T00:00:00Z", "dealPrice": null}, "mopDeal": null, "pcoDeal": null, "inventoryIndicator": null, "offerType": "OG", "offerId": "OG", "action": null, "isVariant": false, "link": "/en/oatmeal-crisp-vanilla-protein-cereal/p/21667577_EA", "productVendor": null, "productVariant": null, "textBadge": "", "variantTheme": null, "articleNumber": "21667577", "uom": "EA", "sponsoredCreative": {"adGroupId": "a3a51878-e938-4e46-a171-7407c747a0c6", "campaignId": "62354fd2-0913-4354-82b3-7087e0f69143", "placementId": "fdf076c0-aef1-4f4f-8a4b-c9c88ec1f7bb", "encryptedCost": "nKpO9Hh16AiKGZ4ZlrgbZg33eEZhQKgLVc8wJoSqtIc=", "creativeId": "400d397e-48e1-4620-9834-d2dc78b21a8c", "servingId": "6b6656f5-8e97-45ca-9a19-88b4a09fcb8f", "keyword": "skim milk", "targetedKeyword": "milk", "matchType": "PHRASE_MATCH", "targetPageType": "SRP"}, "isSponsored": true, "isComplementarySponsored": true, "complementarySponsoredBadgeText": "You might like", "productBadge": {"badgeId": "SPONSORED", "badgeClass": null, "text": "Sponsored", "icon": null}}}}
{"store": "Real Canadian Superstore", "site_slug": "realcanadiansuperstore", "source_url": "/search?search-bar=skim milk&page=1", "scrape_ts": "2026-01-02T05:20:47.704205Z", "external_id": "21694529_EA", "name": "Ultrapur Protein Ultra-Filtered Milk 0%", "brand": "Lactantia", "size_text": "1.5 l, $0.43/100ml", "price": 6.49, "currency": "CAD", "unit_price": 0.43, "unit_price_uom": "100ml", "image_url": "https://digital.loblaws.ca/PCX/21694529_EA/en/1/21694529_en_front_v1_800.png", "category_path": null, "availability": "in_stock", "query_category": "skim milk", "raw_source": {"type": "next-data", "data": {"index": 13, "promotions": [], "productId": "21694529_EA", "productImage": [{"imageUrl": "https://digital.loblaws.ca/PCX/21694529_EA/en/1/21694529_en_front_v1_1200.png", "thumbnailUrl": "https://digital.loblaws.ca/PCX/21694529_EA/en/1/21694529_en_front_v1_120.png", "smallUrl": "https://digital.loblaws.ca/PCX/21694529_EA/en/1/21694529_en_front_v1_250.png", "mediumUrl": "https://digital.loblaws.ca/PCX/21694529_EA/en/1/21694529_en_front_v1_400.png", "largeUrl": "https://digital.loblaws.ca/PCX/21694529_EA/en/1/21694529_en_front_v1_800.png", "extraLargeUrl": "https://digital.loblaws.ca/PCX/21694529_EA/en/1/21694529_en_front_v1_1200.png", "smallRetinaUrl": "https://digital.loblaws.ca/PCX/21694529_EA/en/1/21694529_en_front_v1_250.png", "mediumRetinaUrl": "https://digital.loblaws.ca/PCX/21694529_EA/en/1/21694529_en_front_v1_400.png", "largeRetinaUrl": "https://digital.loblaws.ca/PCX/21694529_EA/en/1/21694529_en_front_v1_800.png"}], "brand": "Lactantia", "title": "Ultrapur Protein Ultra-Filtered Milk 0%", "description": "<p>Get more of what you want with Lactantia UltraPur Ultrafiltered Milk. Unlike regular milk, this skimmed high protein milk is also ideal for those who require lactose free milk. Sourced from Canadian dairies, every drop of this 0% high-protein milk is carefully filtered to provide a smooth, pure taste that stays fresh longer without preservatives. Source of 10 essential nutrients and no sugar added, this fat-free milk is a nutritious and delicious choice for the whole family. A delightful, refreshing choice on its own, with cereal, or in blended coffee drinks. Rediscover the power of farm-fresh flavour with ultrafiltered milk. Lactantia, for Milk Connoisseurs!</p><ul><li>Made with ultrafiltered milk that stays fresh longer without preservatives</li><li>100% Canadian milk from Canadian dairies</li><li>20g of protein per serving</li><li>Lactose free</li><li>0% M.F.</li><li>Source of 10 essential nutrients</li><li>No added sugar</li><li>1.5 L</li></ul>", "packageSizing": "1.5 l, $0.43/100ml", "pricing": {"price": "6.49", "wasPrice": null, "displayPrice": "$6.49", "memberOnlyPrice": null, "mopDisplayPrice": null, "ehfTotal": null, "environmentalHandlingFee": null, "taxInfo": ""}, "pricingUnits": {"type": "SOLD_BY_EACH", "unit": "ea", "interval": 1, "minOrderQuantity": 1, "maxOrderQuantity": 25, "weighted": false}, "deal": null, "mopDeal": null, "pcoDeal": null, "inventoryIndicator": null, "offerType": "OG", "offerId": "OG", "action": null, "isVariant": false, "link": "/en/ultrapur-protein-ultra-filtered-milk-0/p/21694529_EA", "productVendor": null, "productVariant": null, "textBadge": "", "variantTheme": null, "articleNumber": "21694529", "uom": "EA", "sponsoredCreative": null, "isSponsored": false, "isComplementarySponsored": false, "complementarySponsoredBadgeText": null, "productBadge": null}}}
{"store": "Real Canadian Superstore", "site_slug": "realcanadiansuperstore", "source_url": "/search?search-bar=skim milk&page=1", "scrape_ts": "2026-01-02T05:20:47.704205Z", "external_id": "21667658_EA", "name": "Oatmeal Apple Crisp Protein Cereal", "brand": "General Mills", "size_text": "455 g, $1.07/100g", "price": 4.87, "currency": "CAD", "unit_price": 1.07, "unit_price_uom": "100g", "image_url": "https://digital.loblaws.ca/PCX/21667658_EA/en/1/21667658_en_front_v2_800.png", "category_path": null, "availability": "in_stock", "query_category": "skim milk", "raw_source": {"type": "next-data", "data": {"index": 14, "promotions": [], "productId": "21667658_EA", "productImage": [{"imageUrl": "https://digital.loblaws.ca/PCX/21667658_EA/en/1/21667658_en_front_v2_1200.png", "thumbnailUrl": "https://digital.loblaws.ca/PCX/21667658_EA/en/1/21667658_en_front_v2_120.png", "smallUrl": "https://digital.loblaws.ca/PCX/21667658_EA/en/1/21667658_en_front_v2_250.png", "mediumUrl": "https://digital.loblaws.ca/PCX/21667658_EA/en/1/21667658_en_front_v2_400.png", "largeUrl": "https://digital.loblaws.ca/PCX/21667658_EA/en/1/21667658_en_front_v2_800.png", "extraLargeUrl": "https://digital.loblaws.ca/PCX/21667658_EA/en/1/21667658_en_front_v2_1200.png", "smallRetinaUrl": "https://digital.loblaws.ca/PCX/21667658_EA/en/1/21667658_en_front_v2_250.png", "mediumRetinaUrl": "https://digital.loblaws.ca/PCX/21667658_EA/en/1/21667658_en_front_v2_400.png", "largeRetinaUrl": "https://digital.loblaws.ca/PCX/21667658_EA/en/1/21667658_en_front_v2_800.png"}], "brand": "General Mills", "title": "Oatmeal Apple Crisp Protein Cereal", "description": "<p>Delicious, crunchy Oatmeal Crisp cereal – now with protein.Lightly sweetened flakes and crunchy granola made with protein, plus real dried apple pieces. Whether served alone, with milk, yogurt, and/or your favourite berries and nuts, this is a great cereal that can be part of a complete meal. Create a trail mix by adding nuts and dried fruit or take a twist on the traditional snack bar and mix cereal with melted marshmallows.Try Oatmeal Crisp Protein and other General Mills cereals today</p><ul><li>15g of protein per serving with 125mL of skim milk</li><li>Made with whole grains</li><li>Source of essential vitamins and minerals</li><li>A delicious way to start the day, and a perfect snack to keep you going throughout</li></ul>", "packageSizing": "455 g, $1.07/100g", "pricing": {"price": "4.87", "wasPrice": "$7.99", "displayPrice": "$4.87", "memberOnlyPrice": null, "mopDisplayPrice": null, "ehfTotal": null, "environmentalHandlingFee": null, "taxInfo": ""}, "pricingUnits": {"type": "SOLD_BY_EACH", "unit": "ea", "interval": 1, "minOrderQuantity": 1, "maxOrderQuantity": 25, "weighted": false}, "deal": {"type": "SALE", "text": "SAVE $3.12", "points": 0, "name": "SALE", "expiryDate": "2026-01-07T00:00:00Z", "dealPrice": null}, "mopDeal": null, "pcoDeal": null, "inventoryIndicator": null, "offerType": "OG", "offerId": "OG", "action": null, "isVariant": false, "link": "/en/oatmeal-apple-crisp-protein-cereal/p/21667658_EA", "productVendor": null, "productVariant": null, "textBadge": "", "variantTheme": null, "articleNumber": "21667658", "uom": "EA", "sponsoredCreative": {"adGroupId": "a3a51878-e938-4e46-a171-7407c747a0c6", "campaignId": "62354fd2-0913-4354-82b3-7087e0f69143", "placementId": "fdf076c0-aef1-4f4f-8a4b-c9c88ec1f7bb", "encryptedCost": "H3AbIN0WXwQQV0qB6UTgRFn2bK0csL5EkPFr6S1FUfA=", "creativeId": "0cca2032-5afd-49ac-a870-3e92e5a0dc97", "servingId": "6b6656f5-8e97-45ca-9a19-88b4a09fcb8f", "keyword": "skim milk", "targetedKeyword": "milk", "matchType": "PHRASE_MATCH", "targetPageType": "SRP"}, "isSponsored": true, "isComplementarySponsored": true, "complementarySponsoredBadgeText": "You might like", "productBadge": {"badgeId": "SPONSORED", "badgeClass": null, "text": "Sponsored", "icon": null}}}}
{"store": "Real Canadian Superstore", "site_slug": "realcanadiansuperstore", "source_url": "/search?search-bar=skim milk&page=1", "scrape_ts": "2026-01-02T05:20:47.704205Z", "external_id": "20119655_EA", "name": "Pasteurized Instant Skim Milk Powder", "brand": "No Name", "size_text": "500 g, $1.90/100g", "price": 9.49, "currency": "CAD", "unit_price": 1.9, "unit_price_uom": "100g", "image_url": "https://digital.loblaws.ca/PCX/20119655_EA/en/1/20119655_en_front_800.png", "category_path": null, "availability": "in_stock", "query_category": "skim milk", "raw_source": {"type": "next-data", "data": {"index": 15, "promotions": [], "productId": "20119655_EA", "productImage": [{"imageUrl": "https://digital.loblaws.ca/PCX/20119655_EA/en/1/20119655_en_front_1200.png", "thumbnailUrl": "https://digital.loblaws.ca/PCX/20119655_EA/en/1/20119655_en_front_120.png", "smallUrl": "https://digital.loblaws.ca/PCX/20119655_EA/en/1/20119655_en_front_250.png", "mediumUrl": "https://digital.loblaws.ca/PCX/20119655_EA/en/1/20119655_en_front_400.png", "largeUrl": "https://digital.loblaws.ca/PCX/20119655_EA/en/1/20119655_en_front_800.png", "extraLargeUrl": "https://digital.loblaws.ca/PCX/20119655_EA/en/1/20119655_en_front_1200.png", "smallRetinaUrl": "https://digital.loblaws.ca/PCX/20119655_EA/en/1/20119655_en_front_250.png", "mediumRetinaUrl": "https://digital.loblaws.ca/PCX/20119655_EA/en/1/20119655_en_front_400.png", "largeRetinaUrl": "https://digital.loblaws.ca/PCX/20119655_EA/en/1/20119655_en_front_800.png"}], "brand": "No Name", "title": "Pasteurized Instant Skim Milk Powder", "description": "Not only is our No Name instant skim milk powder a good source of calcium, but it is also fat free and makes 5 litres when added to water.  Product of Canada.<br><br>The †Simple Check™ symbol appears on no name® products made without 10 ingredients such as synthetic colours*, artificial flavours and artificial sweeteners. *As defined in Canadian regulations. To learn more visit noname.ca/simplecheck", "packageSizing": "500 g, $1.90/100g", "pricing": {"price": "9.49", "wasPrice": null, "displayPrice": "$9.49", "memberOnlyPrice": null, "mopDisplayPrice": null, "ehfTotal": null, "environmentalHandlingFee": null, "taxInfo": ""}, "pricingUnits": {"type": "SOLD_BY_EACH", "unit": "ea", "interval": 1, "minOrderQuantity": 1, "maxOrderQuantity": 24, "weighted": false}, "deal": null, "mopDeal": null, "pcoDeal": null, "inventoryIndicator": null, "offerType": "OG", "offerId": "OG", "action": null, "isVariant": false, "link": "/en/pasteurized-instant-skim-milk-powder/p/20119655_EA", "productVendor": null, "productVariant": null, "textBadge": "", "variantTheme": null, "articleNumber": "20119655", "uom": "EA", "sponsoredCreative": null, "isSponsored": false, "isComplementarySponsored": false, "complementarySponsoredBadgeText": null, "productBadge": {"badgeId": "PREPARED_IN_CANADA", "badgeClass": "badge11", "text": "Prepared in Canada", "icon": {"url": "https://dis-prod.assetful.loblaw.ca/content/dam/loblaw-companies-limited/creative-assets/pc-optimum/global-list/maple-leaf-red.png", "altText": "", "placement": "LEFT"}}}}}
{"store": "Real Canadian Superstore", "site_slug": "realcanadiansuperstore", "source_url": "/search?search-bar=skim milk&page=1", "scrape_ts": "2026-01-02T05:20:47.704205Z", "external_id": "20052038_EA", "name": "Pasteurized Instant Skim Milk Powder", "brand": "No Name", "size_text": "2.5 kg, $1.20/100g", "price": 29.99, "currency": "CAD", "unit_price": 1.2, "unit_price_uom": "100g", "image_url": "https://digital.loblaws.ca/PCX/20052038_EA/en/1/20052038_en_front_800.png", "category_path": null, "availability": "in_stock", "query_category": "skim milk", "raw_source": {"type": "next-data", "data": {"index": 16, "promotions": [], "productId": "20052038_EA", "productImage": [{"imageUrl": "https://digital.loblaws.ca/PCX/20052038_EA/en/1/20052038_en_front_1200.png", "thumbnailUrl": "https://digital.loblaws.ca/PCX/20052038_EA/en/1/20052038_en_front_120.png", "smallUrl": "https://digital.loblaws.ca/PCX/20052038_EA/en/1/20052038_en_front_250.png", "mediumUrl": "https://digital.loblaws.ca/PCX/20052038_EA/en/1/20052038_en_front_400.png", "largeUrl": "https://digital.loblaws.ca/PCX/20052038_EA/en/1/20052038_en_front_800.png", "extraLargeUrl": "https://digital.loblaws.ca/PCX/20052038_EA/en/1/20052038_en_front_1200.png", "smallRetinaUrl": "https://digital.loblaws.ca/PCX/20052038_EA/en/1/20052038_en_front_250.png", "mediumRetinaUrl": "https://digital.loblaws.ca/PCX/20052038_EA/en/1/20052038_en_front_400.png", "largeRetinaUrl": "https://digital.loblaws.ca/PCX/20052038_EA/en/1/20052038_en_front_800.png"}], "brand": "No Name", "title": "Pasteurized Instant Skim Milk Powder", "description": "Not only is our No Name instant skim milk powder a good source of calcium, but it is also fat free and makes 25 litres when added to water.  Product of Canada.<br><br>The †Simple Check™ symbol appears on no name® products made without 10 ingredients such as synthetic colours*, artificial flavours and artificial sweeteners. *As defined in Canadian regulations. To learn more visit noname.ca/simplecheck", "packageSizing": "2.5 kg, $1.20/100g", "pricing": {"price": "29.99", "wasPrice": null, "displayPrice": "$29.99", "memberOnlyPrice": null, "mopDisplayPrice": null, "ehfTotal": null, "environmentalHandlingFee": null, "taxInfo": ""}, "pricingUnits": {"type": "SOLD_BY_EACH", "unit": "ea", "interval": 1, "minOrderQuantity": 1, "maxOrderQuantity": 24, "weighted": false}, "deal": null, "mopDeal": null, "pcoDeal": null, "inventoryIndicator": null, "offerType": "OG", "offerId": "OG", "action": null, "isVariant": false, "link": "/en/pasteurized-instant-skim-milk-powder/p/20052038_EA", "productVendor": null, "productVariant": null, "textBadge": "", "variantTheme": null, "articleNumber": "20052038", "uom": "EA", "sponsoredCreative": null, "isSponsored": false, "isComplementarySponsored": false, "complementarySponsoredBadgeText": null, "productBadge": {"badgeId": "PREPARED_IN_CANADA", "badgeClass": "badge11", "text": "Prepared in Canada", "icon": {"url": "https://dis-prod.assetful.loblaw.ca/content/dam/loblaw-companies-limited/creative-assets/pc-optimum/global-list/maple-leaf-red.png", "altText": "", "placement": "LEFT"}}}}}
{"store": "Real Canadian Superstore", "site_slug": "realcanadiansuperstore", "source_url": "/search?search-bar=skim milk&page=1", "scrape_ts": "2026-01-02T05:20:47.704205Z", "external_id": "20185616_EA", "name": "1% Milk", "brand": "Neilson", "size_text": "1 l, $0.36/100ml", "price": 3.58, "currency": "CAD", "unit_price": 0.36, "unit_price_uom": "100ml", "image_url": "https://digital.loblaws.ca/PCX/20185616_EA/en/1/20185616_en_front_v1_800.png", "category_path": null, "availability": "in_stock", "query_category": "skim milk", "raw_source": {"type": "next-data", "data": {"index": 17, "promotions": [], "productId": "20185616_EA", "productImage": [{"imageUrl": "https://digital.loblaws.ca/PCX/20185616_EA/en/1/20185616_en_front_v1_1200.png", "thumbnailUrl": "https://digital.loblaws.ca/PCX/20185616_EA/en/1/20185616_en_front_v1_120.png", "smallUrl": "https://digital.loblaws.ca/PCX/20185616_EA/en/1/20185616_en_front_v1_250.png", "mediumUrl": "https://digital.loblaws.ca/PCX/20185616_EA/en/1/20185616_en_front_v1_400.png", "largeUrl": "https://digital.loblaws.ca/PCX/20185616_EA/en/1/20185616_en_front_v1_800.png", "extraLargeUrl": "https://digital.loblaws.ca/PCX/20185616_EA/en/1/20185616_en_front_v1_1200.png", "smallRetinaUrl": "https://digital.loblaws.ca/PCX/20185616_EA/en/1/20185616_en_front_v1_250.png", "mediumRetinaUrl": "https://digital.loblaws.ca/PCX/20185616_EA/en/1/20185616_en_front_v1_400.png", "largeRetinaUrl": "https://digital.loblaws.ca/PCX/20185616_EA/en/1/20185616_en_front_v1_800.png"}], "brand": "Neilson", "title": "1% Milk", "description": "Fresh, wholesome milk… naturally from Neilson.Since 1893, Neilson has stood for high quality dairy products. Neilson has always been committed to using the best ingredients, people and processes to produce great tasting quality milk you can depend on. Always fresh, always delicious and always an excellent source of calcium, protein and vitamin D.", "packageSizing": "1 l, $0.36/100ml", "pricing": {"price": "3.58", "wasPrice": null, "displayPrice": "$3.58", "memberOnlyPrice": null, "mopDisplayPrice": null, "ehfTotal": null, "environmentalHandlingFee": null, "taxInfo": ""}, "pricingUnits": {"type": "SOLD_BY_EACH", "unit": "ea", "interval": 1, "minOrderQuantity": 1, "maxOrderQuantity": 24, "weighted": false}, "deal": null, "mopDeal": null, "pcoDeal": null, "inventoryIndicator": null, "offerType": "OG", "offerId": "OG", "action": null, "isVariant": false, "link": "/en/1-milk/p/20185616_EA", "productVendor": null, "productVariant": null, "textBadge": "", "variantTheme": null, "articleNumber": "20185616", "uom": "EA", "sponsoredCreative": null, "isSponsored": false, "isComplementarySponsored": false, "complementarySponsoredBadgeText": null, "productBadge": {"badgeId": "PREPARED_IN_CANADA", "badgeClass": "badge11", "text": "Prepared in Canada", "icon": {"url": "https://dis-prod.assetful.loblaw.ca/content/dam/loblaw-companies-limited/creative-assets/pc-optimum/global-list/maple-leaf-red.png", "altText": "", "placement": "LEFT"}}}}}
{"store": "Real Canadian Superstore", "site_slug": "realcanadiansuperstore", "source_url": "/search?search-bar=skim milk&page=1", "scrape_ts": "2026-01-02T05:20:47.704205Z", "external_id": "21694606_EA", "name": "Ultrapur Protein Ultra-Filtered Milk 3.25%", "brand": "Lactantia", "size_text": "1.5 l, $0.43/100ml", "price": 6.49, "currency": "CAD", "unit_price": 0.43, "unit_price_uom": "100ml", "image_url": "https://digital.loblaws.ca/PCX/21694606_EA/en/1/21694606_en_front_v1_800.png", "category_path": null, "availability": "in_stock", "query_category": "skim milk", "raw_source": {"type": "next-data", "data": {"index": 18, "promotions": [], "productId": "21694606_EA", "productImage": [{"imageUrl": "https://digital.loblaws.ca/PCX/21694606_EA/en/1/21694606_en_front_v1_1200.png", "thumbnailUrl": "https://digital.loblaws.ca/PCX/21694606_EA/en/1/21694606_en_front_v1_120.png", "smallUrl": "https://digital.loblaws.ca/PCX/21694606_EA/en/1/21694606_en_front_v1_250.png", "mediumUrl": "https://digital.loblaws.ca/PCX/21694606_EA/en/1/21694606_en_front_v1_400.png", "largeUrl": "https://digital.loblaws.ca/PCX/21694606_EA/en/1/21694606_en_front_v1_800.png", "extraLargeUrl": "https://digital.loblaws.ca/PCX/21694606_EA/en/1/21694606_en_front_v1_1200.png", "smallRetinaUrl": "https://digital.loblaws.ca/PCX/21694606_EA/en/1/21694606_en_front_v1_250.png", "mediumRetinaUrl": "https://digital.loblaws.ca/PCX/21694606_EA/en/1/21694606_en_front_v1_400.png", "largeRetinaUrl": "https://digital.loblaws.ca/PCX/21694606_EA/en/1/21694606_en_front_v1_800.png"}], "brand": "Lactantia", "title": "Ultrapur Protein Ultra-Filtered Milk 3.25%", "description": "<p>Get more of what you want with Lactantia UltraPur Ultrafiltered Milk. Unlike regular milk, this whole high protein milk is also ideal for those who require lactose free milk. Sourced from Canadian dairies, every drop of this 3.25% high-protein milk is carefully filtered to provide a smooth, pure taste that stays fresh longer without preservatives. Source of 10 essential nutrients and no sugar added, this homogenized milk is a nutritious and delicious choice for the whole family. A delightful, refreshing choice on its own, with cereal, or in blended coffee drinks. Rediscover the power of farm-fresh flavour with ultrafiltered milk. Lactantia, for Milk Connoisseurs!</p><ul><li>Made with ultrafiltered milk that stays fresh longer without preservatives</li><li>100% Canadian milk from Canadian dairies</li><li>20g of protein per serving</li><li>Lactose free</li><li>3.25% M.F.</li><li>Source of 10 essential nutrients</li><li>No added sugar</li><li>1.5 L</li></ul>", "packageSizing": "1.5 l, $0.43/100ml", "pricing": {"price": "6.49", "wasPrice": null, "displayPrice": "$6.49", "memberOnlyPrice": null, "mopDisplayPrice": null, "ehfTotal": null, "environmentalHandlingFee": null, "taxInfo": ""}, "pricingUnits": {"type": "SOLD_BY_EACH", "unit": "ea", "interval": 1, "minOrderQuantity": 1, "maxOrderQuantity": 25, "weighted": false}, "deal": null, "mopDeal": null, "pcoDeal": null, "inventoryIndicator": {"indicatorId": "LOW", "text": "Low Stock"}, "offerType": "OG", "offerId": "OG", "action": null, "isVariant": false, "link": "/en/ultrapur-protein-ultra-filtered-milk-3-25/p/21694606_EA", "productVendor": null, "productVariant": null, "textBadge": "low-inventory", "variantTheme": null, "articleNumber": "21694606", "uom": "EA", "sponsoredCreative": null, "isSponsored": false, "isComplementarySponsored": false, "complementarySponsoredBadgeText": null, "productBadge": null}}}
{"store": "Real Canadian Superstore", "site_slug": "realcanadiansuperstore", "source_url": "/search?search-bar=skim milk&page=1", "scrape_ts": "2026-01-02T05:20:47.704205Z", "external_id": "20896741_EA", "name": "Fat Free Evaporated Skim Milk", "brand": "Carnation", "size_text": "354 ml, $0.79/100ml", "price": 2.79, "currency": "CAD", "unit_price": 0.79, "unit_price_uom": "100ml", "image_url": "https://digital.loblaws.ca/PCX/20896741_EA/en/1/20896741_en_front_800.png", "category_path": null, "availability": "in_stock", "query_category": "skim milk", "raw_source": {"type": "next-data", "data": {"index": 19, "promotions": [], "productId": "20896741_EA", "productImage": [{"imageUrl": "https://digital.loblaws.ca/PCX/20896741_EA/en/1/20896741_en_front_1200.png", "thumbnailUrl": "https://digital.loblaws.ca/PCX/20896741_EA/en/1/20896741_en_front_120.png", "smallUrl": "https://digital.loblaws.ca/PCX/20896741_EA/en/1/20896741_en_front_250.png", "mediumUrl": "https://digital.loblaws.ca/PCX/20896741_EA/en/1/20896741_en_front_400.png", "largeUrl": "https://digital.loblaws.ca/PCX/20896741_EA/en/1/20896741_en_front_800.png", "extraLargeUrl": "https://digital.loblaws.ca/PCX/20896741_EA/en/1/20896741_en_front_1200.png", "smallRetinaUrl": "https://digital.loblaws.ca/PCX/20896741_EA/en/1/20896741_en_front_250.png", "mediumRetinaUrl": "https://digital.loblaws.ca/PCX/20896741_EA/en/1/20896741_en_front_400.png", "largeRetinaUrl": "https://digital.loblaws.ca/PCX/20896741_EA/en/1/20896741_en_front_800.png"}], "brand": "Carnation", "title": "Fat Free Evaporated Skim Milk", "description": "Carnation   Fat Free Evaporated Milk is a shelf stable milk that is richer and creamier than milk because some of the water has been removed. With a slight carmelized flavour and all the fat removed, it's an easy and delicious ingredient to bake and cook with.", "packageSizing": "354 ml, $0.79/100ml", "pricing": {"price": "2.79", "wasPrice": null, "displayPrice": "$2.79", "memberOnlyPrice": null, "mopDisplayPrice": null, "ehfTotal": null, "environmentalHandlingFee": null, "taxInfo": ""}, "pricingUnits": {"type": "SOLD_BY_EACH", "unit": "ea", "interval": 1, "minOrderQuantity": 1, "maxOrderQuantity": 24, "weighted": false}, "deal": null, "mopDeal": null, "pcoDeal": null, "inventoryIndicator": null, "offerType": "OG", "offerId": "OG", "action": null, "isVariant": false, "link": "/en/fat-free-evaporated-skim-milk/p/20896741_EA", "productVendor": null, "productVariant": null, "textBadge": "", "variantTheme": null, "articleNumber": "20896741", "uom": "EA", "sponsoredCreative": null, "isSponsored": false, "isComplementarySponsored": false, "complementarySponsoredBadgeText": null, "productBadge": {"badgeId": "PREPARED_IN_CANADA", "badgeClass": "badge11", "text": "Prepared in Canada", "icon": {"url": "https://dis-prod.assetful.loblaw.ca/content/dam/loblaw-companies-limited/creative-assets/pc-optimum/global-list/maple-leaf-red.png", "altText": "", "placement": "LEFT"}}}}}
{"store": "Real Canadian Superstore", "site_slug": "realcanadiansuperstore", "source_url": "/search?search-bar=skim milk&page=1", "scrape_ts": "2026-01-02T05:20:47.704205Z", "external_id": "20076709_EA", "name": "1% Milk", "brand": "Neilson", "size_text": "2 l, $0.27/100ml", "price": 5.32, "currency": "CAD", "unit_price": 0.27, "unit_price_uom": "100ml", "image_url": "https://digital.loblaws.ca/PCX/20076709_EA/en/1/20076709_en_front_800.png", "category_path": null, "availability": "in_stock", "query_category": "skim milk", "raw_source": {"type": "next-data", "data": {"index": 20, "promotions": [], "productId": "20076709_EA", "productImage": [{"imageUrl": "https://digital.loblaws.ca/PCX/20076709_EA/en/1/20076709_en_front_1200.png", "thumbnailUrl": "https://digital.loblaws.ca/PCX/20076709_EA/en/1/20076709_en_front_120.png", "smallUrl": "https://digital.loblaws.ca/PCX/20076709_EA/en/1/20076709_en_front_250.png", "mediumUrl": "https://digital.loblaws.ca/PCX/20076709_EA/en/1/20076709_en_front_400.png", "largeUrl": "https://digital.loblaws.ca/PCX/20076709_EA/en/1/20076709_en_front_800.png", "extraLargeUrl": "https://digital.loblaws.ca/PCX/20076709_EA/en/1/20076709_en_front_1200.png", "smallRetinaUrl": "https://digital.loblaws.ca/PCX/20076709_EA/en/1/20076709_en_front_250.png", "mediumRetinaUrl": "https://digital.loblaws.ca/PCX/20076709_EA/en/1/20076709_en_front_400.png", "largeRetinaUrl": "https://digital.loblaws.ca/PCX/20076709_EA/en/1/20076709_en_front_800.png"}], "brand": "Neilson", "title": "1% Milk", "description": "Fresh, wholesome milk… naturally from Neilson.Since 1893, Neilson has stood for high quality dairy products. Neilson has always been committed to using the best ingredients, people and processes to produce great tasting quality milk you can depend on. Always fresh, always delicious and always an excellent source of calcium, protein and vitamin D.", "packageSizing": "2 l, $0.27/100ml", "pricing": {"price": "5.32", "wasPrice": null, "displayPrice": "$5.32", "memberOnlyPrice": null, "mopDisplayPrice": null, "ehfTotal": null, "environmentalHandlingFee": null, "taxInfo": ""}, "pricingUnits": {"type": "SOLD_BY_EACH", "unit": "ea", "interval": 1, "minOrderQuantity": 1, "maxOrderQuantity": 24, "weighted": false}, "deal": null, "mopDeal": null, "pcoDeal": null, "inventoryIndicator": null, "offerType": "OG", "offerId": "OG", "action": null, "isVariant": false, "link": "/en/1-milk/p/20076709_EA", "productVendor": null, "productVariant": null, "textBadge": "", "variantTheme": null, "articleNumber": "20076709", "uom": "EA", "sponsoredCreative": null, "isSponsored": false, "isComplementarySponsored": false, "complementarySponsoredBadgeText": null, "productBadge": {"badgeId": "PREPARED_IN_CANADA", "badgeClass": "badge11", "text": "Prepared in Canada", "icon": {"url": "https://dis-prod.assetful.loblaw.ca/content/dam/loblaw-companies-limited/creative-assets/pc-optimum/global-list/maple-leaf-red.png", "altText": "", "placement": "LEFT"}}}}}
{"store": "Real Canadian Superstore", "site_slug": "realcanadiansuperstore", "source_url": "/search?search-bar=skim milk&page=1", "scrape_ts": "2026-01-02T05:20:47.704205Z", "external_id": "20328231002_EA", "name": "Almond Milk Alternative, Unsweetened, Dairy Free", "brand": "Silk", "size_text": "1.89 l, $0.25/100ml", "price": 4.79, "currency": "CAD", "unit_price": 0.25, "unit_price_uom": "100ml", "image_url": "https://digital.loblaws.ca/PCX/20328231002_EA/en/1/20328231002_en_front_800.png", "category_path": null, "availability": "in_stock", "query_category": "skim milk", "raw_source": {"type": "next-data", "data": {"index": 21, "promotions": [{"type": "DEAL", "quantity": null, "savings": null, "value": null, "promoCode": "000002787535", "expiryDate": "9999-12-31T00:00:00Z", "title": null, "promoType": null, "pricingMethod": "3", "text": "PC Optimum Points", "reward": "$_FIXED", "callToAction": {"text": "Shop Offer", "url": "/shop-by-promo/000002787535"}}], "productId": "20328231002_EA", "productImage": [{"imageUrl": "https://digital.loblaws.ca/PCX/20328231002_EA/en/1/20328231002_en_front_1200.png", "thumbnailUrl": "https://digital.loblaws.ca/PCX/20328231002_EA/en/1/20328231002_en_front_120.png", "smallUrl": "https://digital.loblaws.ca/PCX/20328231002_EA/en/1/20328231002_en_front_250.png", "mediumUrl": "https://digital.loblaws.ca/PCX/20328231002_EA/en/1/20328231002_en_front_400.png", "largeUrl": "https://digital.loblaws.ca/PCX/20328231002_EA/en/1/20328231002_en_front_800.png", "extraLargeUrl": "https://digital.loblaws.ca/PCX/20328231002_EA/en/1/20328231002_en_front_1200.png", "smallRetinaUrl": "https://digital.loblaws.ca/PCX/20328231002_EA/en/1/20328231002_en_front_250.png", "mediumRetinaUrl": "https://digital.loblaws.ca/PCX/20328231002_EA/en/1/20328231002_en_front_400.png", "largeRetinaUrl": "https://digital.loblaws.ca/PCX/20328231002_EA/en/1/20328231002_en_front_800.png"}], "brand": "Silk", "title": "Almond Milk Alternative, Unsweetened, Dairy Free", "description": "<p>Oh, yes, it is… a mere 30 calories per serving. Enjoy the goodness of Silk® Zero Sugar Original Almond Beverage for less than half the calories of skim milk. Over cereal, in recipes and more, you won’t miss the sugar, and you’ll be delighted by the taste.*Voted most trusted Almond Plant-Based Beverage by Canadian shoppers based on the 2024 BrandSpark® Canadian Trust Study.</p><ul><li>Vegan</li><li>Dairy free</li><li>Absolutely no cholesterol or saturated fat</li><li>Verified by the Non-GMO Project’s product verification program</li><li>No artificial colours, flavors or funny business</li></ul>", "packageSizing": "1.89 l, $0.25/100ml", "pricing": {"price": "4.79", "wasPrice": null, "displayPrice": "$4.79", "memberOnlyPrice": null, "mopDisplayPrice": null, "ehfTotal": null, "environmentalHandlingFee": null, "taxInfo": ""}, "pricingUnits": {"type": "SOLD_BY_EACH", "unit": "ea", "interval": 1, "minOrderQuantity": 1, "maxOrderQuantity": 24, "weighted": false}, "deal": {"type": "MULTI", "text": "$4.00 MIN 2", "points": 0, "name": "MULTI", "expiryDate": null, "dealPrice": null}, "mopDeal": null, "pcoDeal": null, "inventoryIndicator": null, "offerType": "OG", "offerId": "OG", "action": null, "isVariant": false, "link": "/en/almond-milk-alternative-unsweetened-dairy-free/p/20328231002_EA", "productVendor": null, "productVariant": null, "textBadge": "", "variantTheme": null, "articleNumber": "20328231002", "uom": "EA", "sponsoredCreative": null, "isSponsored": false, "isComplementarySponsored": false, "complementarySponsoredBadgeText": null, "productBadge": {"badgeId": "SUBSCRIBE_EARN", "badgeClass": "badge06", "text": "Subscribe & Earn", "icon": null}}}}
{"store": "Real Canadian Superstore", "site_slug": "realcanadiansuperstore", "source_url": "/search?search-bar=skim milk&page=1", "scrape_ts": "2026-01-02T05:20:47.704205Z", "external_id": "20009555_EA", "name": "Fat Free Instant Skim Milk Powder", "brand": "Carnation", "size_text": "500 g, $2.40/100g", "price": 11.99, "currency": "CAD", "unit_price": 2.4, "unit_price_uom": "100g", "image_url": "https://digital.loblaws.ca/PCX/20009555_EA/en/1/5900011132_enfr_front_centre_marketing_GS1_Ecommerce_800.png", "category_path": null, "availability": "in_stock", "query_category": "skim milk", "raw_source": {"type": "next-data", "data": {"index": 22, "promotions": [], "productId": "20009555_EA", "productImage": [{"imageUrl": "https://digital.loblaws.ca/PCX/20009555_EA/en/1/5900011132_enfr_front_centre_marketing_GS1_Ecommerce_1200.png", "thumbnailUrl": "https://digital.loblaws.ca/PCX/20009555_EA/en/1/5900011132_enfr_front_centre_marketing_GS1_Ecommerce_120.png", "smallUrl": "https://digital.loblaws.ca/PCX/20009555_EA/en/1/5900011132_enfr_front_centre_marketing_GS1_Ecommerce_250.png", "mediumUrl": "https://digital.loblaws.ca/PCX/20009555_EA/en/1/5900011132_enfr_front_centre_marketing_GS1_Ecommerce_400.png", "largeUrl": "https://digital.loblaws.ca/PCX/20009555_EA/en/1/5900011132_enfr_front_centre_marketing_GS1_Ecommerce_800.png", "extraLargeUrl": "https://digital.loblaws.ca/PCX/20009555_EA/en/1/5900011132_enfr_front_centre_marketing_GS1_Ecommerce_1200.png", "smallRetinaUrl": "https://digital.loblaws.ca/PCX/20009555_EA/en/1/5900011132_enfr_front_centre_marketing_GS1_Ecommerce_250.png", "mediumRetinaUrl": "https://digital.loblaws.ca/PCX/20009555_EA/en/1/5900011132_enfr_front_centre_marketing_GS1_Ecommerce_400.png", "largeRetinaUrl": "https://digital.loblaws.ca/PCX/20009555_EA/en/1/5900011132_enfr_front_centre_marketing_GS1_Ecommerce_800.png"}], "brand": "Carnation", "title": "Fat Free Instant Skim Milk Powder", "description": "Carnation   Instant Skim Milk Powder is fat free milk that has been dried to a fine powder. It can be used in either powder form or mixed with water as a liquid to replace milk in your recipes.", "packageSizing": "500 g, $2.40/100g", "pricing": {"price": "11.99", "wasPrice": null, "displayPrice": "$11.99", "memberOnlyPrice": null, "mopDisplayPrice": null, "ehfTotal": null, "environmentalHandlingFee": null, "taxInfo": ""}, "pricingUnits": {"type": "SOLD_BY_EACH", "unit": "ea", "interval": 1, "minOrderQuantity": 1, "maxOrderQuantity": 24, "weighted": false}, "deal": null, "mopDeal": null, "pcoDeal": null, "inventoryIndicator": null, "offerType": "OG", "offerId": "OG", "action": null, "isVariant": false, "link": "/en/fat-free-instant-skim-milk-powder/p/20009555_EA", "productVendor": null, "productVariant": null, "textBadge": "", "variantTheme": null, "articleNumber": "20009555", "uom": "EA", "sponsoredCreative": null, "isSponsored": false, "isComplementarySponsored": false, "complementarySponsoredBadgeText": null, "productBadge": {"badgeId": "PREPARED_IN_CANADA", "badgeClass": "badge11", "text": "Prepared in Canada", "icon": {"url": "https://dis-prod.assetful.loblaw.ca/content/dam/loblaw-companies-limited/creative-assets/pc-optimum/global-list/maple-leaf-red.png", "altText": "", "placement": "LEFT"}}}}}
{"store": "Real Canadian Superstore", "site_slug": "realcanadiansuperstore", "source_url": "/search?search-bar=skim milk&page=1", "scrape_ts": "2026-01-02T05:20:47.704205Z", "external_id": "21554369_EA", "name": "2% Protein Milk Beverage", "brand": "Neilson", "size_text": "1.89 l, $0.39/100ml", "price": 7.43, "currency": "CAD", "unit_price": 0.39, "unit_price_uom": "100ml", "image_url": "https://digital.loblaws.ca/PCX/21554369_EA/en/1/21554369_en_front_800.png", "category_path": null, "availability": "out_of_stock", "query_category": "skim milk", "raw_source": {"type": "next-data", "data": {"index": 23, "promotions": [], "productId": "21554369_EA", "productImage": [{"imageUrl": "https://digital.loblaws.ca/PCX/21554369_EA/en/1/21554369_en_front_1200.png", "thumbnailUrl": "https://digital.loblaws.ca/PCX/21554369_EA/en/1/21554369_en_front_120.png", "smallUrl": "https://digital.loblaws.ca/PCX/21554369_EA/en/1/21554369_en_front_250.png", "mediumUrl": "https://digital.loblaws.ca/PCX/21554369_EA/en/1/21554369_en_front_400.png", "largeUrl": "https://digital.loblaws.ca/PCX/21554369_EA/en/1/21554369_en_front_800.png", "extraLargeUrl": "https://digital.loblaws.ca/PCX/21554369_EA/en/1/21554369_en_front_1200.png", "smallRetinaUrl": "https://digital.loblaws.ca/PCX/21554369_EA/en/1/21554369_en_front_250.png", "mediumRetinaUrl": "https://digital.loblaws.ca/PCX/21554369_EA/en/1/21554369_en_front_400.png", "largeRetinaUrl": "https://digital.loblaws.ca/PCX/21554369_EA/en/1/21554369_en_front_800.png"}], "brand": "Neilson", "title": "2% Protein Milk Beverage", "description": "Fill up with 18goodnessWait until you taste our Neilson product providing 18 g of protein per 250 mL serving!It is a source of 9 essential nutrients and has no added sugar. It is made with Canadian Milk for a fresh taste! So you can pair it with a sweet treat, guilt-free! Neilson 2% Dairy Protein Beverage provides 18 g of protein (2X more protein than regular milk), is a source of essential nutrients and has no added sugar. It is made with Canadian milk for a fresh taste! Lactose Free.", "packageSizing": "1.89 l, $0.39/100ml", "pricing": {"price": "7.43", "wasPrice": null, "displayPrice": "$7.43", "memberOnlyPrice": null, "mopDisplayPrice": null, "ehfTotal": null, "environmentalHandlingFee": null, "taxInfo": ""}, "pricingUnits": {"type": "SOLD_BY_EACH", "unit": "ea", "interval": 1, "minOrderQuantity": 1, "maxOrderQuantity": 24, "weighted": false}, "deal": null, "mopDeal": null, "pcoDeal": null, "inventoryIndicator": {"indicatorId": "OUT", "text": "Out of Stock"}, "offerType": "OG", "offerId": "OG", "action": null, "isVariant": false, "link": "/en/2-protein-milk-beverage/p/21554369_EA", "productVendor": null, "productVariant": null, "textBadge": "out-of-stock", "variantTheme": null, "articleNumber": "21554369", "uom": "EA", "sponsoredCreative": null, "isSponsored": false, "isComplementarySponsored": false, "complementarySponsoredBadgeText": null, "productBadge": {"badgeId": "PREPARED_IN_CANADA", "badgeClass": "badge11", "text": "Prepared in Canada", "icon": {"url": "https://dis-prod.assetful.loblaw.ca/content/dam/loblaw-companies-limited/creative-assets/pc-optimum/global-list/maple-leaf-red.png", "altText": "", "placement": "LEFT"}}}}}
{"store": "Real Canadian Superstore", "site_slug": "realcanadiansuperstore", "source_url": "/search?search-bar=skim milk&page=1", "scrape_ts": "2026-01-02T05:20:47.704205Z", "external_id": "20328231004_EA", "name": "Almond Milk Alternative, Unsweetened Vanilla, Dairy Free", "brand": "Silk", "size_text": "1.89 l, $0.25/100ml", "price": 4.79, "currency": "CAD", "unit_price": 0.25, "unit_price_uom": "100ml", "image_url": "https://digital.loblaws.ca/PCX/20328231004_EA/en/1/20328231004_en_front_v2_800.png", "category_path": null, "availability": "in_stock", "query_category": "skim milk", "raw_source": {"type": "next-data", "data": {"index": 24, "promotions": [{"type": "DEAL", "quantity": null, "savings": null, "value": null, "promoCode": "000002787535", "expiryDate": "9999-12-31T00:00:00Z", "title": null, "promoType": null, "pricingMethod": "3", "text": "PC Optimum Points", "reward": "$_FIXED", "callToAction": {"text": "Shop Offer", "url": "/shop-by-promo/000002787535"}}], "productId": "20328231004_EA", "productImage": [{"imageUrl": "https://digital.loblaws.ca/PCX/20328231004_EA/en/1/20328231004_en_front_v2_1200.png", "thumbnailUrl": "https://digital.loblaws.ca/PCX/20328231004_EA/en/1/20328231004_en_front_v2_120.png", "smallUrl": "https://digital.loblaws.ca/PCX/20328231004_EA/en/1/20328231004_en_front_v2_250.png", "mediumUrl": "https://digital.loblaws.ca/PCX/20328231004_EA/en/1/20328231004_en_front_v2_400.png", "largeUrl": "https://digital.loblaws.ca/PCX/20328231004_EA/en/1/20328231004_en_front_v2_800.png", "extraLargeUrl": "https://digital.loblaws.ca/PCX/20328231004_EA/en/1/20328231004_en_front_v2_1200.png", "smallRetinaUrl": "https://digital.loblaws.ca/PCX/20328231004_EA/en/1/20328231004_en_front_v2_250.png", "mediumRetinaUrl": "https://digital.loblaws.ca/PCX/20328231004_EA/en/1/20328231004_en_front_v2_400.png", "largeRetinaUrl": "https://digital.loblaws.ca/PCX/20328231004_EA/en/1/20328231004_en_front_v2_800.png"}], "brand": "Silk", "title": "Almond Milk Alternative, Unsweetened Vanilla, Dairy Free", "description": "<p>Oh, yes, it is… a mere 30 calories per serving. Enjoy the goodness of Silk® Unsweetened Vanilla Almond Beverage for less than half the calories of skim milk. Kissed with just a hint of vanilla, it’s perfect over cereal, in recipes and more. You won’t miss the sugar, and you’ll be delighted by the taste.*Voted most trusted Almond Plant-Based Beverage by Canadian shoppers based on the 2024 BrandSpark® Canadian Trust Study.</p><ul><li>Vegan</li><li>Dairy free</li><li>Absolutely no cholesterol or saturated fat</li><li>Verified by the Non-GMO Project’s product verification program</li><li>No artificial colours, flavors or funny business</li></ul>", "packageSizing": "1.89 l, $0.25/100ml", "pricing": {"price": "4.79", "wasPrice": null, "displayPrice": "$4.79", "memberOnlyPrice": null, "mopDisplayPrice": null, "ehfTotal": null, "environmentalHandlingFee": null, "taxInfo": ""}, "pricingUnits": {"type": "SOLD_BY_EACH", "unit": "ea", "interval": 1, "minOrderQuantity": 1, "maxOrderQuantity": 24, "weighted": false}, "deal": {"type": "MULTI", "text": "$4.00 MIN 2", "points": 0, "name": "MULTI", "expiryDate": null, "dealPrice": null}, "mopDeal": null, "pcoDeal": null, "inventoryIndicator": null, "offerType": "OG", "offerId": "OG", "action": null, "isVariant": false, "link": "/en/almond-milk-alternative-unsweetened-vanilla-dairy/p/20328231004_EA", "productVendor": null, "productVariant": null, "textBadge": "", "variantTheme": null, "articleNumber": "20328231004", "uom": "EA", "sponsoredCreative": null, "isSponsored": false, "isComplementarySponsored": false, "complementarySponsoredBadgeText": null, "productBadge": {"badgeId": "SUBSCRIBE_EARN", "badgeClass": "badge06", "text": "Subscribe & Earn", "icon": null}}}}
{"store": "Real Canadian Superstore", "site_slug": "realcanadiansuperstore", "source_url": "/search?search-bar=skim milk&page=1", "scrape_ts": "2026-01-02T05:20:47.704205Z", "external_id": "21128348_EA", "name": "Whole Milk", "brand": "Fairlife", "size_text": "1.5 l, $0.50/100ml", "price": 7.49, "currency": "CAD", "unit_price": 0.5, "unit_price_uom": "100ml", "image_url": "https://digital.loblaws.ca/PCX/21128348_EA/en/1/21128348_en_front_v3_800.png", "category_path": null, "availability": "in_stock", "query_category": "skim milk", "raw_source": {"type": "next-data", "data": {"index": 25, "promotions": [], "productId": "21128348_EA", "productImage": [{"imageUrl": "https://digital.loblaws.ca/PCX/21128348_EA/en/1/21128348_en_front_v3_1200.png", "thumbnailUrl": "https://digital.loblaws.ca/PCX/21128348_EA/en/1/21128348_en_front_v3_120.png", "smallUrl": "https://digital.loblaws.ca/PCX/21128348_EA/en/1/21128348_en_front_v3_250.png", "mediumUrl": "https://digital.loblaws.ca/PCX/21128348_EA/en/1/21128348_en_front_v3_400.png", "largeUrl": "https://digital.loblaws.ca/PCX/21128348_EA/en/1/21128348_en_front_v3_800.png", "extraLargeUrl": "https://digital.loblaws.ca/PCX/21128348_EA/en/1/21128348_en_front_v3_1200.png", "smallRetinaUrl": "https://digital.loblaws.ca/PCX/21128348_EA/en/1/21128348_en_front_v3_250.png", "mediumRetinaUrl": "https://digital.loblaws.ca/PCX/21128348_EA/en/1/21128348_en_front_v3_400.png", "largeRetinaUrl": "https://digital.loblaws.ca/PCX/21128348_EA/en/1/21128348_en_front_v3_800.png"}], "brand": "Fairlife", "title": "Whole Milk", "description": "<p>We are driven by a simple belief: we can always make the world better. Proper nourishment allows us all to grow and thrive. All our milk flows through soft filters to concentrate protein while filtering out half of the natural sugars. Our delicious fairlife ultra-filtered milk has 50% less sugar and 50% more protein than regular chocolate milk. Plus, there are no artificial growth hormones used and it's lactose-free. So sip, drink, and chug as you enjoy our delicious ultra-filtered milk, eh?</p><ul><li>Made with 100% quality Canadian milk</li><li>50% less sugar and 50% more protein than regular chocolate milk</li><li>Delicious, satisfying, and lactose-free</li><li>No artificial growth hormones used</li></ul>", "packageSizing": "1.5 l, $0.50/100ml", "pricing": {"price": "7.49", "wasPrice": null, "displayPrice": "$7.49", "memberOnlyPrice": null, "mopDisplayPrice": null, "ehfTotal": null, "environmentalHandlingFee": null, "taxInfo": ""}, "pricingUnits": {"type": "SOLD_BY_EACH", "unit": "ea", "interval": 1, "minOrderQuantity": 1, "maxOrderQuantity": 24, "weighted": false}, "deal": null, "mopDeal": null, "pcoDeal": null, "inventoryIndicator": null, "offerType": "OG", "offerId": "OG", "action": null, "isVariant": false, "link": "/en/whole-milk/p/21128348_EA", "productVendor": null, "productVariant": null, "textBadge": "", "variantTheme": null, "articleNumber": "21128348", "uom": "EA", "sponsoredCreative": null, "isSponsored": false, "isComplementarySponsored": false, "complementarySponsoredBadgeText": null, "productBadge": {"badgeId": "PREPARED_IN_CANADA", "badgeClass": "badge11", "text": "Prepared in Canada", "icon": {"url": "https://dis-prod.assetful.loblaw.ca/content/dam/loblaw-companies-limited/creative-assets/pc-optimum/global-list/maple-leaf-red.png", "altText": "", "placement": "LEFT"}}}}}
{"store": "Real Canadian Superstore", "site_slug": "realcanadiansuperstore", "source_url": "/search?search-bar=skim milk&page=1", "scrape_ts": "2026-01-02T05:20:47.704205Z", "external_id": "21128369_EA", "name": "Milk 2% M.F", "brand": "Fairlife", "size_text": "1.5 l, $0.50/100ml", "price": 7.49, "currency": "CAD", "unit_price": 0.5, "unit_price_uom": "100ml", "image_url": "https://digital.loblaws.ca/PCX/21128369_EA/en/1/21128369_en_front_v3_800.png", "category_path": null, "availability": "in_stock", "query_category": "skim milk", "raw_source": {"type": "next-data", "data": {"index": 26, "promotions": [], "productId": "21128369_EA", "productImage": [{"imageUrl": "https://digital.loblaws.ca/PCX/21128369_EA/en/1/21128369_en_front_v3_1200.png", "thumbnailUrl": "https://digital.loblaws.ca/PCX/21128369_EA/en/1/21128369_en_front_v3_120.png", "smallUrl": "https://digital.loblaws.ca/PCX/21128369_EA/en/1/21128369_en_front_v3_250.png", "mediumUrl": "https://digital.loblaws.ca/PCX/21128369_EA/en/1/21128369_en_front_v3_400.png", "largeUrl": "https://digital.loblaws.ca/PCX/21128369_EA/en/1/21128369_en_front_v3_800.png", "extraLargeUrl": "https://digital.loblaws.ca/PCX/21128369_EA/en/1/21128369_en_front_v3_1200.png", "smallRetinaUrl": "https://digital.loblaws.ca/PCX/21128369_EA/en/1/21128369_en_front_v3_250.png", "mediumRetinaUrl": "https://digital.loblaws.ca/PCX/21128369_EA/en/1/21128369_en_front_v3_400.png", "largeRetinaUrl": "https://digital.loblaws.ca/PCX/21128369_EA/en/1/21128369_en_front_v3_800.png"}], "brand": "Fairlife", "title": "Milk 2% M.F", "description": "<p>We are driven by a simple belief: we can always make the world better. Proper nourishment allows us all to grow and thrive. All our milk flows through soft filters to concentrate protein while filtering out half of the natural sugars. Our delicious fairlife ultra-filtered milk has 50% less sugar and 50% more protein than regular chocolate milk. Plus, there are no artificial growth hormones used and it's lactose-free. So sip, drink, and chug as you enjoy our delicious ultra-filtered milk, eh?</p><ul><li>Made with 100% quality Canadian milk</li><li>50% less sugar and 50% more protein than regular chocolate milk</li><li>Delicious, satisfying, and lactose-free</li><li>No artificial growth hormones used</li></ul>", "packageSizing": "1.5 l, $0.50/100ml", "pricing": {"price": "7.49", "wasPrice": null, "displayPrice": "$7.49", "memberOnlyPrice": null, "mopDisplayPrice": null, "ehfTotal": null, "environmentalHandlingFee": null, "taxInfo": ""}, "pricingUnits": {"type": "SOLD_BY_EACH", "unit": "ea", "interval": 1, "minOrderQuantity": 1, "maxOrderQuantity": 24, "weighted": false}, "deal": null, "mopDeal": null, "pcoDeal": null, "inventoryIndicator": null, "offerType": "OG", "offerId": "OG", "action": null, "isVariant": false, "link": "/en/milk-2-m-f/p/21128369_EA", "productVendor": null, "productVariant": null, "textBadge": "", "variantTheme": null, "articleNumber": "21128369", "uom": "EA", "sponsoredCreative": null, "isSponsored": false, "isComplementarySponsored": false, "complementarySponsoredBadgeText": null, "productBadge": {"badgeId": "PREPARED_IN_CANADA", "badgeClass": "badge11", "text": "Prepared in Canada", "icon": {"url": "https://dis-prod.assetful.loblaw.ca/content/dam/loblaw-companies-limited/creative-assets/pc-optimum/global-list/maple-leaf-red.png", "altText": "", "placement": "LEFT"}}}}}
{"store": "Real Canadian Superstore", "site_slug": "realcanadiansuperstore", "source_url": "/search?search-bar=skim milk&page=1", "scrape_ts": "2026-01-02T05:20:47.704205Z", "external_id": "21694605_EA", "name": "Ultrapur Protein Ultra-Filtered Milk 2%", "brand": "Lactantia", "size_text": "1.5 l, $0.43/100ml", "price": 6.49, "currency": "CAD", "unit_price": 0.43, "unit_price_uom": "100ml", "image_url": "https://digital.loblaws.ca/PCX/21694605_EA/en/1/21694605_en_front_v1_800.png", "category_path": null, "availability": "in_stock", "query_category": "skim milk", "raw_source": {"type": "next-data", "data": {"index": 27, "promotions": [], "productId": "21694605_EA", "productImage": [{"imageUrl": "https://digital.loblaws.ca/PCX/21694605_EA/en/1/21694605_en_front_v1_1200.png", "thumbnailUrl": "https://digital.loblaws.ca/PCX/21694605_EA/en/1/21694605_en_front_v1_120.png", "smallUrl": "https://digital.loblaws.ca/PCX/21694605_EA/en/1/21694605_en_front_v1_250.png", "mediumUrl": "https://digital.loblaws.ca/PCX/21694605_EA/en/1/21694605_en_front_v1_400.png", "largeUrl": "https://digital.loblaws.ca/PCX/21694605_EA/en/1/21694605_en_front_v1_800.png", "extraLargeUrl": "https://digital.loblaws.ca/PCX/21694605_EA/en/1/21694605_en_front_v1_1200.png", "smallRetinaUrl": "https://digital.loblaws.ca/PCX/21694605_EA/en/1/21694605_en_front_v1_250.png", "mediumRetinaUrl": "https://digital.loblaws.ca/PCX/21694605_EA/en/1/21694605_en_front_v1_400.png", "largeRetinaUrl": "https://digital.loblaws.ca/PCX/21694605_EA/en/1/21694605_en_front_v1_800.png"}], "brand": "Lactantia", "title": "Ultrapur Protein Ultra-Filtered Milk 2%", "description": "<p>Get more of what you want with Lactantia UltraPur Ultrafiltered Milk. Unlike regular milk, this partly skimmed high protein milk is also ideal for those who require lactose free milk. Sourced from Canadian dairies, every drop of this 2% high-protein milk is carefully filtered to provide a smooth, pure taste that stays fresh longer without preservatives. Source of 10 essential nutrients and no sugar added, this milk is a nutritious and delicious choice for the whole family. A delightful, refreshing choice on its own, with cereal, or in blended coffee drinks. Rediscover the power of farm-fresh flavour with ultrafiltered milk. Lactantia, for Milk Connoisseurs!</p><ul><li>Made with ultrafiltered milk that stays fresh longer without preservatives</li><li>100% Canadian milk from Canadian dairies</li><li>20g of protein per serving</li><li>Lactose free</li><li>2% M.F.</li><li>Source of 10 essential nutrients</li><li>No added sugar</li><li>1.5 L</li></ul>", "packageSizing": "1.5 l, $0.43/100ml", "pricing": {"price": "6.49", "wasPrice": null, "displayPrice": "$6.49", "memberOnlyPrice": null, "mopDisplayPrice": null, "ehfTotal": null, "environmentalHandlingFee": null, "taxInfo": ""}, "pricingUnits": {"type": "SOLD_BY_EACH", "unit": "ea", "interval": 1, "minOrderQuantity": 1, "maxOrderQuantity": 25, "weighted": false}, "deal": null, "mopDeal": null, "pcoDeal": null, "inventoryIndicator": null, "offerType": "OG", "offerId": "OG", "action": null, "isVariant": false, "link": "/en/ultrapur-protein-ultra-filtered-milk-2/p/21694605_EA", "productVendor": null, "productVariant": null, "textBadge": "", "variantTheme": null, "articleNumber": "21694605", "uom": "EA", "sponsoredCreative": null, "isSponsored": false, "isComplementarySponsored": false, "complementarySponsoredBadgeText": null, "productBadge": null}}}
{"store": "Real Canadian Superstore", "site_slug": "realcanadiansuperstore", "source_url": "/search?search-bar=skim milk&page=1", "scrape_ts": "2026-01-02T05:20:47.704205Z", "external_id": "20131121_EA", "name": "3.25% Microfiltered Milk", "brand": "Neilson", "size_text": "2 l, $0.30/100ml", "price": 5.99, "currency": "CAD", "unit_price": 0.3, "unit_price_uom": "100ml", "image_url": "https://digital.loblaws.ca/PCX/20131121_EA/en/1/20131121_en_front_800.png", "category_path": null, "availability": "out_of_stock", "query_category": "skim milk", "raw_source": {"type": "next-data", "data": {"index": 28, "promotions": [], "productId": "20131121_EA", "productImage": [{"imageUrl": "https://digital.loblaws.ca/PCX/20131121_EA/en/1/20131121_en_front_1200.png", "thumbnailUrl": "https://digital.loblaws.ca/PCX/20131121_EA/en/1/20131121_en_front_120.png", "smallUrl": "https://digital.loblaws.ca/PCX/20131121_EA/en/1/20131121_en_front_250.png", "mediumUrl": "https://digital.loblaws.ca/PCX/20131121_EA/en/1/20131121_en_front_400.png", "largeUrl": "https://digital.loblaws.ca/PCX/20131121_EA/en/1/20131121_en_front_800.png", "extraLargeUrl": "https://digital.loblaws.ca/PCX/20131121_EA/en/1/20131121_en_front_1200.png", "smallRetinaUrl": "https://digital.loblaws.ca/PCX/20131121_EA/en/1/20131121_en_front_250.png", "mediumRetinaUrl": "https://digital.loblaws.ca/PCX/20131121_EA/en/1/20131121_en_front_400.png", "largeRetinaUrl": "https://digital.loblaws.ca/PCX/20131121_EA/en/1/20131121_en_front_800.png"}], "brand": "Neilson", "title": "3.25% Microfiltered Milk", "description": "Fresh, wholesome milk… naturally from Neilson.Since 1893, Neilson has stood for high quality dairy products. Neilson has always been committed to using the best ingredients, people and processes to produce great tasting quality milk you can depend on. Always fresh, always delicious and always an excellent source of calcium, protein and vitamin D.", "packageSizing": "2 l, $0.30/100ml", "pricing": {"price": "5.99", "wasPrice": null, "displayPrice": "$5.99", "memberOnlyPrice": null, "mopDisplayPrice": null, "ehfTotal": null, "environmentalHandlingFee": null, "taxInfo": ""}, "pricingUnits": {"type": "SOLD_BY_EACH", "unit": "ea", "interval": 1, "minOrderQuantity": 1, "maxOrderQuantity": 24, "weighted": false}, "deal": null, "mopDeal": null, "pcoDeal": null, "inventoryIndicator": {"indicatorId": "OUT", "text": "Out of Stock"}, "offerType": "OG", "offerId": "OG", "action": null, "isVariant": false, "link": "/en/3-25-microfiltered-milk/p/20131121_EA", "productVendor": null, "productVariant": null, "textBadge": "out-of-stock", "variantTheme": null, "articleNumber": "20131121", "uom": "EA", "sponsoredCreative": null, "isSponsored": false, "isComplementarySponsored": false, "complementarySponsoredBadgeText": null, "productBadge": {"badgeId": "PREPARED_IN_CANADA", "badgeClass": "badge11", "text": "Prepared in Canada", "icon": {"url": "https://dis-prod.assetful.loblaw.ca/content/dam/loblaw-companies-limited/creative-assets/pc-optimum/global-list/maple-leaf-red.png", "altText": "", "placement": "LEFT"}}}}}
{"store": "Real Canadian Superstore", "site_slug": "realcanadiansuperstore", "source_url": "/search?search-bar=skim milk&page=1", "scrape_ts": "2026-01-02T05:20:47.704205Z", "external_id": "20148677_EA", "name": "2% Microfiltered Milk", "brand": "Neilson", "size_text": "4 l, $0.17/100ml", "price": 6.88, "currency": "CAD", "unit_price": 0.17, "unit_price_uom": "100ml", "image_url": "https://digital.loblaws.ca/PCX/20148677_EA/en/1/20148677_en_front_v1_800.png", "category_path": null, "availability": "in_stock", "query_category": "skim milk", "raw_source": {"type": "next-data", "data": {"index": 29, "promotions": [], "productId": "20148677_EA", "productImage": [{"imageUrl": "https://digital.loblaws.ca/PCX/20148677_EA/en/1/20148677_en_front_v1_1200.png", "thumbnailUrl": "https://digital.loblaws.ca/PCX/20148677_EA/en/1/20148677_en_front_v1_120.png", "smallUrl": "https://digital.loblaws.ca/PCX/20148677_EA/en/1/20148677_en_front_v1_250.png", "mediumUrl": "https://digital.loblaws.ca/PCX/20148677_EA/en/1/20148677_en_front_v1_400.png", "largeUrl": "https://digital.loblaws.ca/PCX/20148677_EA/en/1/20148677_en_front_v1_800.png", "extraLargeUrl": "https://digital.loblaws.ca/PCX/20148677_EA/en/1/20148677_en_front_v1_1200.png", "smallRetinaUrl": "https://digital.loblaws.ca/PCX/20148677_EA/en/1/20148677_en_front_v1_250.png", "mediumRetinaUrl": "https://digital.loblaws.ca/PCX/20148677_EA/en/1/20148677_en_front_v1_400.png", "largeRetinaUrl": "https://digital.loblaws.ca/PCX/20148677_EA/en/1/20148677_en_front_v1_800.png"}], "brand": "Neilson", "title": "2% Microfiltered Milk", "description": "Fresh, wholesome milk… naturally from Neilson.Since 1893, Neilson has stood for high quality dairy products. Neilson has always been committed to using the best ingredients, people and processes to produce great tasting quality milk you can depend on. Always fresh, always delicious and always an excellent source of calcium, protein and vitamin D.", "packageSizing": "4 l, $0.17/100ml", "pricing": {"price": "6.88", "wasPrice": null, "displayPrice": "$6.88", "memberOnlyPrice": null, "mopDisplayPrice": null, "ehfTotal": null, "environmentalHandlingFee": null, "taxInfo": ""}, "pricingUnits": {"type": "SOLD_BY_EACH", "unit": "ea", "interval": 1, "minOrderQuantity": 1, "maxOrderQuantity": 24, "weighted": false}, "deal": null, "mopDeal": null, "pcoDeal": null, "inventoryIndicator": null, "offerType": "OG", "offerId": "OG", "action": null, "isVariant": false, "link": "/en/2-microfiltered-milk/p/20148677_EA", "productVendor": null, "productVariant": null, "textBadge": "", "variantTheme": null, "articleNumber": "20148677", "uom": "EA", "sponsoredCreative": null, "isSponsored": false, "isComplementarySponsored": false, "complementarySponsoredBadgeText": null, "productBadge": {"badgeId": "PREPARED_IN_CANADA", "badgeClass": "badge11", "text": "Prepared in Canada", "icon": {"url": "https://dis-prod.assetful.loblaw.ca/content/dam/loblaw-companies-limited/creative-assets/pc-optimum/global-list/maple-leaf-red.png", "altText": "", "placement": "LEFT"}}}}}
{"store": "Real Canadian Superstore", "site_slug": "realcanadiansuperstore", "source_url": "/search?search-bar=skim milk&page=1", "scrape_ts": "2026-01-02T05:20:47.704205Z", "external_id": "21040543_EA", "name": "Evaporated Partly Skimmed Milk", "brand": "No Name", "size_text": "354 ml, $0.49/100ml", "price": 1.75, "currency": "CAD", "unit_price": 0.49, "unit_price_uom": "100ml", "image_url": "https://digital.loblaws.ca/PCX/21040543_EA/en/1/21040543_en_front_v1_800.png", "category_path": null, "availability": "in_stock", "query_category": "skim milk", "raw_source": {"type": "next-data", "data": {"index": 30, "promotions": [], "productId": "21040543_EA", "productImage": [{"imageUrl": "https://digital.loblaws.ca/PCX/21040543_EA/en/1/21040543_en_front_v1_1200.png", "thumbnailUrl": "https://digital.loblaws.ca/PCX/21040543_EA/en/1/21040543_en_front_v1_120.png", "smallUrl": "https://digital.loblaws.ca/PCX/21040543_EA/en/1/21040543_en_front_v1_250.png", "mediumUrl": "https://digital.loblaws.ca/PCX/21040543_EA/en/1/21040543_en_front_v1_400.png", "largeUrl": "https://digital.loblaws.ca/PCX/21040543_EA/en/1/21040543_en_front_v1_800.png", "extraLargeUrl": "https://digital.loblaws.ca/PCX/21040543_EA/en/1/21040543_en_front_v1_1200.png", "smallRetinaUrl": "https://digital.loblaws.ca/PCX/21040543_EA/en/1/21040543_en_front_v1_250.png", "mediumRetinaUrl": "https://digital.loblaws.ca/PCX/21040543_EA/en/1/21040543_en_front_v1_400.png", "largeRetinaUrl": "https://digital.loblaws.ca/PCX/21040543_EA/en/1/21040543_en_front_v1_800.png"}], "brand": "No Name", "title": "Evaporated Partly Skimmed Milk", "description": "<p>A baking essential, Evaporated Partly Skimmed Milk adds creaminess and richness to your favourite recipes. It has vitamins A, C, and D added. Give some body to smoothies or thicken up soups and chowders with this evaporated milk.</p><p></p><p>The †Simple Check™ symbol appears on no name® products made without 10 ingredients such as synthetic colours*, artificial flavours and artificial sweeteners. *As defined in Canadian regulations. To learn more visit noname.ca/simplecheck</p>", "packageSizing": "354 ml, $0.49/100ml", "pricing": {"price": "1.75", "wasPrice": "$1.99", "displayPrice": "$1.75", "memberOnlyPrice": null, "mopDisplayPrice": null, "ehfTotal": null, "environmentalHandlingFee": null, "taxInfo": ""}, "pricingUnits": {"type": "SOLD_BY_EACH", "unit": "ea", "interval": 1, "minOrderQuantity": 1, "maxOrderQuantity": 24, "weighted": false}, "deal": {"type": "SALE", "text": "SAVE $0.24", "points": 0, "name": "SALE", "expiryDate": "2026-01-07T00:00:00Z", "dealPrice": null}, "mopDeal": null, "pcoDeal": null, "inventoryIndicator": null, "offerType": "OG", "offerId": "OG", "action": null, "isVariant": false, "link": "/en/evaporated-partly-skimmed-milk/p/21040543_EA", "productVendor": null, "productVariant": null, "textBadge": "", "variantTheme": null, "articleNumber": "21040543", "uom": "EA", "sponsoredCreative": null, "isSponsored": false, "isComplementarySponsored": false, "complementarySponsoredBadgeText": null, "productBadge": {"badgeId": "PREPARED_IN_CANADA", "badgeClass": "badge11", "text": "Prepared in Canada", "icon": {"url": "https://dis-prod.assetful.loblaw.ca/content/dam/loblaw-companies-limited/creative-assets/pc-optimum/global-list/maple-leaf-red.png", "altText": "", "placement": "LEFT"}}}}}
{"store": "Real Canadian Superstore", "site_slug": "realcanadiansuperstore", "source_url": "/search?search-bar=skim milk&page=1", "scrape_ts": "2026-01-02T05:20:47.704205Z", "external_id": "21163394_EA", "name": "2% Ultrafiltered Partly Skimmed Milk", "brand": "Neilson", "size_text": "1 l, $0.40/100ml", "price": 4.0, "currency": "CAD", "unit_price": 0.4, "unit_price_uom": "100ml", "image_url": "https://digital.loblaws.ca/PCX/21163394_EA/en/1/21163394_en_front_v2_800.png", "category_path": null, "availability": "in_stock", "query_category": "skim milk", "raw_source": {"type": "next-data", "data": {"index": 31, "promotions": [], "productId": "21163394_EA", "productImage": [{"imageUrl": "https://digital.loblaws.ca/PCX/21163394_EA/en/1/21163394_en_front_v2_1200.png", "thumbnailUrl": "https://digital.loblaws.ca/PCX/21163394_EA/en/1/21163394_en_front_v2_120.png", "smallUrl": "https://digital.loblaws.ca/PCX/21163394_EA/en/1/21163394_en_front_v2_250.png", "mediumUrl": "https://digital.loblaws.ca/PCX/21163394_EA/en/1/21163394_en_front_v2_400.png", "largeUrl": "https://digital.loblaws.ca/PCX/21163394_EA/en/1/21163394_en_front_v2_800.png", "extraLargeUrl": "https://digital.loblaws.ca/PCX/21163394_EA/en/1/21163394_en_front_v2_1200.png", "smallRetinaUrl": "https://digital.loblaws.ca/PCX/21163394_EA/en/1/21163394_en_front_v2_250.png", "mediumRetinaUrl": "https://digital.loblaws.ca/PCX/21163394_EA/en/1/21163394_en_front_v2_400.png", "largeRetinaUrl": "https://digital.loblaws.ca/PCX/21163394_EA/en/1/21163394_en_front_v2_800.png"}], "brand": "Neilson", "title": "2% Ultrafiltered Partly Skimmed Milk", "description": "<p>Neilson. Part of your family since 1893.Neilson Ultrafiltered Partly Skimmed Milk offers a smooth, balanced taste with the power of 18 grams of protein from milk in every 250 mL serving. Made from 100% Canadian milk, it’s crafted using a fine filtration process that concentrates natural protein and reduces lactose. The result is a creamy, satisfying drink enriched with milk protein concentrate and no added sugar.</p>", "packageSizing": "1 l, $0.40/100ml", "pricing": {"price": "4.00", "wasPrice": "$4.83", "displayPrice": "$4.00", "memberOnlyPrice": null, "mopDisplayPrice": null, "ehfTotal": null, "environmentalHandlingFee": null, "taxInfo": ""}, "pricingUnits": {"type": "SOLD_BY_EACH", "unit": "ea", "interval": 1, "minOrderQuantity": 1, "maxOrderQuantity": 24, "weighted": false}, "deal": {"type": "SALE", "text": "SAVE $0.83", "points": 0, "name": "SALE", "expiryDate": "2026-01-07T00:00:00Z", "dealPrice": null}, "mopDeal": null, "pcoDeal": null, "inventoryIndicator": null, "offerType": "OG", "offerId": "OG", "action": null, "isVariant": false, "link": "/en/2-ultrafiltered-partly-skimmed-milk/p/21163394_EA", "productVendor": null, "productVariant": null, "textBadge": "", "variantTheme": null, "articleNumber": "21163394", "uom": "EA", "sponsoredCreative": null, "isSponsored": false, "isComplementarySponsored": false, "complementarySponsoredBadgeText": null, "productBadge": {"badgeId": "PREPARED_IN_CANADA", "badgeClass": "badge11", "text": "Prepared in Canada", "icon": {"url": "https://dis-prod.assetful.loblaw.ca/content/dam/loblaw-companies-limited/creative-assets/pc-optimum/global-list/maple-leaf-red.png", "altText": "", "placement": "LEFT"}}}}}
{"store": "Real Canadian Superstore", "site_slug": "realcanadiansuperstore", "source_url": "/search?search-bar=skim milk&page=1", "scrape_ts": "2026-01-02T05:20:47.704205Z", "external_id": "20126276_EA", "name": "1% Microfiltered Milk", "brand": "Neilson", "size_text": "2 l, $0.28/100ml", "price": 5.69, "currency": "CAD", "unit_price": 0.28, "unit_price_uom": "100ml", "image_url": "https://digital.loblaws.ca/PCX/20126276_EA/en/1/20126276_en_front_v1_800.png", "category_path": null, "availability": "in_stock", "query_category": "skim milk", "raw_source": {"type": "next-data", "data": {"index": 32, "promotions": [], "productId": "20126276_EA", "productImage": [{"imageUrl": "https://digital.loblaws.ca/PCX/20126276_EA/en/1/20126276_en_front_v1_1200.png", "thumbnailUrl": "https://digital.loblaws.ca/PCX/20126276_EA/en/1/20126276_en_front_v1_120.png", "smallUrl": "https://digital.loblaws.ca/PCX/20126276_EA/en/1/20126276_en_front_v1_250.png", "mediumUrl": "https://digital.loblaws.ca/PCX/20126276_EA/en/1/20126276_en_front_v1_400.png", "largeUrl": "https://digital.loblaws.ca/PCX/20126276_EA/en/1/20126276_en_front_v1_800.png", "extraLargeUrl": "https://digital.loblaws.ca/PCX/20126276_EA/en/1/20126276_en_front_v1_1200.png", "smallRetinaUrl": "https://digital.loblaws.ca/PCX/20126276_EA/en/1/20126276_en_front_v1_250.png", "mediumRetinaUrl": "https://digital.loblaws.ca/PCX/20126276_EA/en/1/20126276_en_front_v1_400.png", "largeRetinaUrl": "https://digital.loblaws.ca/PCX/20126276_EA/en/1/20126276_en_front_v1_800.png"}], "brand": "Neilson", "title": "1% Microfiltered Milk", "description": "Fresh, wholesome milk… naturally from Neilson.Since 1893, Neilson has stood for high quality dairy products. Neilson has always been committed to using the best ingredients, people and processes to produce great tasting quality milk you can depend on. Always fresh, always delicious and always an excellent source of calcium, protein and vitamin D.", "packageSizing": "2 l, $0.28/100ml", "pricing": {"price": "5.69", "wasPrice": null, "displayPrice": "$5.69", "memberOnlyPrice": null, "mopDisplayPrice": null, "ehfTotal": null, "environmentalHandlingFee": null, "taxInfo": ""}, "pricingUnits": {"type": "SOLD_BY_EACH", "unit": "ea", "interval": 1, "minOrderQuantity": 1, "maxOrderQuantity": 24, "weighted": false}, "deal": null, "mopDeal": null, "pcoDeal": null, "inventoryIndicator": null, "offerType": "OG", "offerId": "OG", "action": null, "isVariant": false, "link": "/en/1-microfiltered-milk/p/20126276_EA", "productVendor": null, "productVariant": null, "textBadge": "", "variantTheme": null, "articleNumber": "20126276", "uom": "EA", "sponsoredCreative": null, "isSponsored": false, "isComplementarySponsored": false, "complementarySponsoredBadgeText": null, "productBadge": {"badgeId": "PREPARED_IN_CANADA", "badgeClass": "badge11", "text": "Prepared in Canada", "icon": {"url": "https://dis-prod.assetful.loblaw.ca/content/dam/loblaw-companies-limited/creative-assets/pc-optimum/global-list/maple-leaf-red.png", "altText": "", "placement": "LEFT"}}}}}
{"store": "Real Canadian Superstore", "site_slug": "realcanadiansuperstore", "source_url": "/search?search-bar=skim milk&page=1", "scrape_ts": "2026-01-02T05:20:47.704205Z", "external_id": "20017001_EA", "name": "2% Milk", "brand": "Neilson", "size_text": "2 l, $0.27/100ml", "price": 5.32, "currency": "CAD", "unit_price": 0.27, "unit_price_uom": "100ml", "image_url": "https://digital.loblaws.ca/PCX/20017001_EA/en/1/20017001_en_front_800.png", "category_path": null, "availability": "in_stock", "query_category": "skim milk", "raw_source": {"type": "next-data", "data": {"index": 33, "promotions": [], "productId": "20017001_EA", "productImage": [{"imageUrl": "https://digital.loblaws.ca/PCX/20017001_EA/en/1/20017001_en_front_1200.png", "thumbnailUrl": "https://digital.loblaws.ca/PCX/20017001_EA/en/1/20017001_en_front_120.png", "smallUrl": "https://digital.loblaws.ca/PCX/20017001_EA/en/1/20017001_en_front_250.png", "mediumUrl": "https://digital.loblaws.ca/PCX/20017001_EA/en/1/20017001_en_front_400.png", "largeUrl": "https://digital.loblaws.ca/PCX/20017001_EA/en/1/20017001_en_front_800.png", "extraLargeUrl": "https://digital.loblaws.ca/PCX/20017001_EA/en/1/20017001_en_front_1200.png", "smallRetinaUrl": "https://digital.loblaws.ca/PCX/20017001_EA/en/1/20017001_en_front_250.png", "mediumRetinaUrl": "https://digital.loblaws.ca/PCX/20017001_EA/en/1/20017001_en_front_400.png", "largeRetinaUrl": "https://digital.loblaws.ca/PCX/20017001_EA/en/1/20017001_en_front_800.png"}], "brand": "Neilson", "title": "2% Milk", "description": "Fresh, wholesome milk… naturally from Neilson.Since 1893, Neilson has stood for high quality dairy products. Neilson has always been committed to using the best ingredients, people and processes to produce great tasting quality milk you can depend on. Always fresh, always delicious and always an excellent source of calcium, protein and vitamin D.", "packageSizing": "2 l, $0.27/100ml", "pricing": {"price": "5.32", "wasPrice": null, "displayPrice": "$5.32", "memberOnlyPrice": null, "mopDisplayPrice": null, "ehfTotal": null, "environmentalHandlingFee": null, "taxInfo": ""}, "pricingUnits": {"type": "SOLD_BY_EACH", "unit": "ea", "interval": 1, "minOrderQuantity": 1, "maxOrderQuantity": 24, "weighted": false}, "deal": null, "mopDeal": null, "pcoDeal": null, "inventoryIndicator": null, "offerType": "OG", "offerId": "OG", "action": null, "isVariant": false, "link": "/en/2-milk/p/20017001_EA", "productVendor": null, "productVariant": null, "textBadge": "", "variantTheme": null, "articleNumber": "20017001", "uom": "EA", "sponsoredCreative": null, "isSponsored": false, "isComplementarySponsored": false, "complementarySponsoredBadgeText": null, "productBadge": {"badgeId": "PREPARED_IN_CANADA", "badgeClass": "badge11", "text": "Prepared in Canada", "icon": {"url": "https://dis-prod.assetful.loblaw.ca/content/dam/loblaw-companies-limited/creative-assets/pc-optimum/global-list/maple-leaf-red.png", "altText": "", "placement": "LEFT"}}}}}
{"store": "Real Canadian Superstore", "site_slug": "realcanadiansuperstore", "source_url": "/search?search-bar=skim milk&page=1", "scrape_ts": "2026-01-02T05:20:47.704205Z", "external_id": "21040510_EA", "name": "Evaporated Milk", "brand": "No Name", "size_text": "354 ml, $0.49/100ml", "price": 1.75, "currency": "CAD", "unit_price": 0.49, "unit_price_uom": "100ml", "image_url": "https://digital.loblaws.ca/PCX/21040510_EA/en/1/21040510_en_front_800.png", "category_path": null, "availability": "in_stock", "query_category": "skim milk", "raw_source": {"type": "next-data", "data": {"index": 34, "promotions": [], "productId": "21040510_EA", "productImage": [{"imageUrl": "https://digital.loblaws.ca/PCX/21040510_EA/en/1/21040510_en_front_1200.png", "thumbnailUrl": "https://digital.loblaws.ca/PCX/21040510_EA/en/1/21040510_en_front_120.png", "smallUrl": "https://digital.loblaws.ca/PCX/21040510_EA/en/1/21040510_en_front_250.png", "mediumUrl": "https://digital.loblaws.ca/PCX/21040510_EA/en/1/21040510_en_front_400.png", "largeUrl": "https://digital.loblaws.ca/PCX/21040510_EA/en/1/21040510_en_front_800.png", "extraLargeUrl": "https://digital.loblaws.ca/PCX/21040510_EA/en/1/21040510_en_front_1200.png", "smallRetinaUrl": "https://digital.loblaws.ca/PCX/21040510_EA/en/1/21040510_en_front_250.png", "mediumRetinaUrl": "https://digital.loblaws.ca/PCX/21040510_EA/en/1/21040510_en_front_400.png", "largeRetinaUrl": "https://digital.loblaws.ca/PCX/21040510_EA/en/1/21040510_en_front_800.png"}], "brand": "No Name", "title": "Evaporated Milk", "description": "<p>Evaporated Milk gives body to smoothies or thickens up your soups and chowders. With vitamins C and D added, it adds creaminess and richness to your favourite meals or dessert recipes.</p><p></p><p>The †Simple Check™ symbol appears on no name® products made without 10 ingredients such as synthetic colours*, artificial flavours and artificial sweeteners. *As defined in Canadian regulations. To learn more visit noname.ca/simplecheck</p>", "packageSizing": "354 ml, $0.49/100ml", "pricing": {"price": "1.75", "wasPrice": "$1.99", "displayPrice": "$1.75", "memberOnlyPrice": null, "mopDisplayPrice": null, "ehfTotal": null, "environmentalHandlingFee": null, "taxInfo": ""}, "pricingUnits": {"type": "SOLD_BY_EACH", "unit": "ea", "interval": 1, "minOrderQuantity": 1, "maxOrderQuantity": 24, "weighted": false}, "deal": {"type": "SALE", "text": "SAVE $0.24", "points": 0, "name": "SALE", "expiryDate": "2026-01-07T00:00:00Z", "dealPrice": null}, "mopDeal": null, "pcoDeal": null, "inventoryIndicator": null, "offerType": "OG", "offerId": "OG", "action": null, "isVariant": false, "link": "/en/evaporated-milk/p/21040510_EA", "productVendor": null, "productVariant": null, "textBadge": "", "variantTheme": null, "articleNumber": "21040510", "uom": "EA", "sponsoredCreative": null, "isSponsored": false, "isComplementarySponsored": false, "complementarySponsoredBadgeText": null, "productBadge": {"badgeId": "PREPARED_IN_CANADA", "badgeClass": "badge11", "text": "Prepared in Canada", "icon": {"url": "https://dis-prod.assetful.loblaw.ca/content/dam/loblaw-companies-limited/creative-assets/pc-optimum/global-list/maple-leaf-red.png", "altText": "", "placement": "LEFT"}}}}}
{"store": "Real Canadian Superstore", "site_slug": "realcanadiansuperstore", "source_url": "/search?search-bar=skim milk&page=1", "scrape_ts": "2026-01-02T05:20:47.704205Z", "external_id": "21443674_EA", "name": "Natrel Plus 2% Lactose Free Enriched Milk", "brand": "Natrel", "size_text": "2 l, $0.41/100ml", "price": 8.24, "currency": "CAD", "unit_price": 0.41, "unit_price_uom": "100ml", "image_url": "https://digital.loblaws.ca/PCX/21443674_EA/en/1/21443674_en_front_v1_800.png", "category_path": null, "availability": "in_stock", "query_category": "skim milk", "raw_source": {"type": "next-data", "data": {"index": 35, "promotions": [], "productId": "21443674_EA", "productImage": [{"imageUrl": "https://digital.loblaws.ca/PCX/21443674_EA/en/1/21443674_en_front_v1_1200.png", "thumbnailUrl": "https://digital.loblaws.ca/PCX/21443674_EA/en/1/21443674_en_front_v1_120.png", "smallUrl": "https://digital.loblaws.ca/PCX/21443674_EA/en/1/21443674_en_front_v1_250.png", "mediumUrl": "https://digital.loblaws.ca/PCX/21443674_EA/en/1/21443674_en_front_v1_400.png", "largeUrl": "https://digital.loblaws.ca/PCX/21443674_EA/en/1/21443674_en_front_v1_800.png", "extraLargeUrl": "https://digital.loblaws.ca/PCX/21443674_EA/en/1/21443674_en_front_v1_1200.png", "smallRetinaUrl": "https://digital.loblaws.ca/PCX/21443674_EA/en/1/21443674_en_front_v1_250.png", "mediumRetinaUrl": "https://digital.loblaws.ca/PCX/21443674_EA/en/1/21443674_en_front_v1_400.png", "largeRetinaUrl": "https://digital.loblaws.ca/PCX/21443674_EA/en/1/21443674_en_front_v1_800.png"}], "brand": "Natrel", "title": "Natrel Plus 2% Lactose Free Enriched Milk", "description": "  Made  from 100% Canadian milk, Natrel Plus 2% contains 18g of protein per 250 ml  serving, providing twice the protein than regular 2% milk. Without added  sugar and the same Natrel delicious taste you know, discover this new  offering that will delight everyone even lactose intolerant.", "packageSizing": "2 l, $0.41/100ml", "pricing": {"price": "8.24", "wasPrice": null, "displayPrice": "$8.24", "memberOnlyPrice": null, "mopDisplayPrice": null, "ehfTotal": null, "environmentalHandlingFee": null, "taxInfo": ""}, "pricingUnits": {"type": "SOLD_BY_EACH", "unit": "ea", "interval": 1, "minOrderQuantity": 1, "maxOrderQuantity": 24, "weighted": false}, "deal": null, "mopDeal": null, "pcoDeal": null, "inventoryIndicator": null, "offerType": "OG", "offerId": "OG", "action": null, "isVariant": false, "link": "/en/natrel-plus-2-lactose-free-enriched-milk/p/21443674_EA", "productVendor": null, "productVariant": null, "textBadge": "", "variantTheme": null, "articleNumber": "21443674", "uom": "EA", "sponsoredCreative": null, "isSponsored": false, "isComplementarySponsored": false, "complementarySponsoredBadgeText": null, "productBadge": {"badgeId": "PREPARED_IN_CANADA", "badgeClass": "badge11", "text": "Prepared in Canada", "icon": {"url": "https://dis-prod.assetful.loblaw.ca/content/dam/loblaw-companies-limited/creative-assets/pc-optimum/global-list/maple-leaf-red.png", "altText": "", "placement": "LEFT"}}}}}
{"store": "Real Canadian Superstore", "site_slug": "realcanadiansuperstore", "source_url": "/search?search-bar=skim milk&page=1", "scrape_ts": "2026-01-02T05:20:47.704205Z", "external_id": "20125636_EA", "name": "3.25% Homogenized Milk", "brand": "Neilson", "size_text": "2 l, $0.28/100ml", "price": 5.55, "currency": "CAD", "unit_price": 0.28, "unit_price_uom": "100ml", "image_url": "https://digital.loblaws.ca/PCX/20125636_EA/en/1/20125636_en_front_800.png", "category_path": null, "availability": "in_stock", "query_category": "skim milk", "raw_source": {"type": "next-data", "data": {"index": 36, "promotions": [], "productId": "20125636_EA", "productImage": [{"imageUrl": "https://digital.loblaws.ca/PCX/20125636_EA/en/1/20125636_en_front_1200.png", "thumbnailUrl": "https://digital.loblaws.ca/PCX/20125636_EA/en/1/20125636_en_front_120.png", "smallUrl": "https://digital.loblaws.ca/PCX/20125636_EA/en/1/20125636_en_front_250.png", "mediumUrl": "https://digital.loblaws.ca/PCX/20125636_EA/en/1/20125636_en_front_400.png", "largeUrl": "https://digital.loblaws.ca/PCX/20125636_EA/en/1/20125636_en_front_800.png", "extraLargeUrl": "https://digital.loblaws.ca/PCX/20125636_EA/en/1/20125636_en_front_1200.png", "smallRetinaUrl": "https://digital.loblaws.ca/PCX/20125636_EA/en/1/20125636_en_front_250.png", "mediumRetinaUrl": "https://digital.loblaws.ca/PCX/20125636_EA/en/1/20125636_en_front_400.png", "largeRetinaUrl": "https://digital.loblaws.ca/PCX/20125636_EA/en/1/20125636_en_front_800.png"}], "brand": "Neilson", "title": "3.25% Homogenized Milk", "description": "Fresh, wholesome milk… naturally from Neilson.Since 1893, Neilson has stood for high quality dairy products. Neilson has always been committed to using the best ingredients, people and processes to produce great tasting quality milk you can depend on. Always fresh, always delicious and always an excellent source of calcium, protein and vitamin D.", "packageSizing": "2 l, $0.28/100ml", "pricing": {"price": "5.55", "wasPrice": null, "displayPrice": "$5.55", "memberOnlyPrice": null, "mopDisplayPrice": null, "ehfTotal": null, "environmentalHandlingFee": null, "taxInfo": ""}, "pricingUnits": {"type": "SOLD_BY_EACH", "unit": "ea", "interval": 1, "minOrderQuantity": 1, "maxOrderQuantity": 24, "weighted": false}, "deal": null, "mopDeal": null, "pcoDeal": null, "inventoryIndicator": null, "offerType": "OG", "offerId": "OG", "action": null, "isVariant": false, "link": "/en/3-25-homogenized-milk/p/20125636_EA", "productVendor": null, "productVariant": null, "textBadge": "", "variantTheme": null, "articleNumber": "20125636", "uom": "EA", "sponsoredCreative": null, "isSponsored": false, "isComplementarySponsored": false, "complementarySponsoredBadgeText": null, "productBadge": {"badgeId": "PREPARED_IN_CANADA", "badgeClass": "badge11", "text": "Prepared in Canada", "icon": {"url": "https://dis-prod.assetful.loblaw.ca/content/dam/loblaw-companies-limited/creative-assets/pc-optimum/global-list/maple-leaf-red.png", "altText": "", "placement": "LEFT"}}}}}
{"store": "Real Canadian Superstore", "site_slug": "realcanadiansuperstore", "source_url": "/search?search-bar=skim milk&page=1", "scrape_ts": "2026-01-02T05:20:47.704205Z", "external_id": "21517729_EA", "name": "Oat Zero Sugar Beverage, Unsweetened Original", "brand": "Earth's Own", "size_text": "1.75 l, $0.26/100ml", "price": 4.49, "currency": "CAD", "unit_price": 0.26, "unit_price_uom": "100ml", "image_url": "https://digital.loblaws.ca/PCX/21517729_EA/en/1/21517729_en_front_v1_800.png", "category_path": null, "availability": "in_stock", "query_category": "skim milk", "raw_source": {"type": "next-data", "data": {"index": 37, "promotions": [], "productId": "21517729_EA", "productImage": [{"imageUrl": "https://digital.loblaws.ca/PCX/21517729_EA/en/1/21517729_en_front_v1_1200.png", "thumbnailUrl": "https://digital.loblaws.ca/PCX/21517729_EA/en/1/21517729_en_front_v1_120.png", "smallUrl": "https://digital.loblaws.ca/PCX/21517729_EA/en/1/21517729_en_front_v1_250.png", "mediumUrl": "https://digital.loblaws.ca/PCX/21517729_EA/en/1/21517729_en_front_v1_400.png", "largeUrl": "https://digital.loblaws.ca/PCX/21517729_EA/en/1/21517729_en_front_v1_800.png", "extraLargeUrl": "https://digital.loblaws.ca/PCX/21517729_EA/en/1/21517729_en_front_v1_1200.png", "smallRetinaUrl": "https://digital.loblaws.ca/PCX/21517729_EA/en/1/21517729_en_front_v1_250.png", "mediumRetinaUrl": "https://digital.loblaws.ca/PCX/21517729_EA/en/1/21517729_en_front_v1_400.png", "largeRetinaUrl": "https://digital.loblaws.ca/PCX/21517729_EA/en/1/21517729_en_front_v1_800.png"}], "brand": "Earth's Own", "title": "Oat Zero Sugar Beverage, Unsweetened Original", "description": "This delish zero sugar oat milk is 100% gluten-free. Looking for a new fav? This unsweetened oat milk will be your new best friend! This dairy-free milk works perfectly in your morning plant-based smoothie, in a bowl of cereal or poured into your coffee. Earth's Own Zero Sugar Oat Milk is completely sugar-free, gluten-free and t-oat-ally delish. ", "packageSizing": "1.75 l, $0.26/100ml", "pricing": {"price": "4.49", "wasPrice": null, "displayPrice": "$4.49", "memberOnlyPrice": null, "mopDisplayPrice": null, "ehfTotal": null, "environmentalHandlingFee": null, "taxInfo": ""}, "pricingUnits": {"type": "SOLD_BY_EACH", "unit": "ea", "interval": 1, "minOrderQuantity": 1, "maxOrderQuantity": 24, "weighted": false}, "deal": null, "mopDeal": null, "pcoDeal": null, "inventoryIndicator": null, "offerType": "OG", "offerId": "OG", "action": null, "isVariant": false, "link": "/en/oat-zero-sugar-beverage-unsweetened-original/p/21517729_EA", "productVendor": null, "productVariant": null, "textBadge": "", "variantTheme": null, "articleNumber": "21517729", "uom": "EA", "sponsoredCreative": null, "isSponsored": false, "isComplementarySponsored": false, "complementarySponsoredBadgeText": null, "productBadge": {"badgeId": "PREPARED_IN_CANADA", "badgeClass": "badge11", "text": "Prepared in Canada", "icon": {"url": "https://dis-prod.assetful.loblaw.ca/content/dam/loblaw-companies-limited/creative-assets/pc-optimum/global-list/maple-leaf-red.png", "altText": "", "placement": "LEFT"}}}}}
{"store": "Real Canadian Superstore", "site_slug": "realcanadiansuperstore", "source_url": "/search?search-bar=skim milk&page=1", "scrape_ts": "2026-01-02T05:20:47.704205Z", "external_id": "21425018_EA", "name": "Purfiltre Partially Skimmed Milk 1%", "brand": "Lactantia", "size_text": "2 l, $0.29/100ml", "price": 5.8, "currency": "CAD", "unit_price": 0.29, "unit_price_uom": "100ml", "image_url": "https://digital.loblaws.ca/PCX/21425018_EA/en/1/21425018_en_front_v1_800.png", "category_path": null, "availability": "in_stock", "query_category": "skim milk", "raw_source": {"type": "next-data", "data": {"index": 38, "promotions": [], "productId": "21425018_EA", "productImage": [{"imageUrl": "https://digital.loblaws.ca/PCX/21425018_EA/en/1/21425018_en_front_v1_1200.png", "thumbnailUrl": "https://digital.loblaws.ca/PCX/21425018_EA/en/1/21425018_en_front_v1_120.png", "smallUrl": "https://digital.loblaws.ca/PCX/21425018_EA/en/1/21425018_en_front_v1_250.png", "mediumUrl": "https://digital.loblaws.ca/PCX/21425018_EA/en/1/21425018_en_front_v1_400.png", "largeUrl": "https://digital.loblaws.ca/PCX/21425018_EA/en/1/21425018_en_front_v1_800.png", "extraLargeUrl": "https://digital.loblaws.ca/PCX/21425018_EA/en/1/21425018_en_front_v1_1200.png", "smallRetinaUrl": "https://digital.loblaws.ca/PCX/21425018_EA/en/1/21425018_en_front_v1_250.png", "mediumRetinaUrl": "https://digital.loblaws.ca/PCX/21425018_EA/en/1/21425018_en_front_v1_400.png", "largeRetinaUrl": "https://digital.loblaws.ca/PCX/21425018_EA/en/1/21425018_en_front_v1_800.png"}], "brand": "Lactantia", "title": "Purfiltre Partially Skimmed Milk 1%", "description": "<p>Taste the goodness every day with Lactantia PurFiltre 1% Filtered Partially Skimmed Milk. Sourced from Canadian dairies, every drop of this 100% Canadian milk is carefully filtered to provide a smooth, pure taste that stays fresh longer without preservatives. Source of calcium and protein, this low fat milk also contains vitamins A and D, making it a nutritious and delicious choice for the whole family. A delightful, refreshing choice on its own, with cereal, or in blended coffee drinks. Rediscover the farm-fresh flavour of fine filtered milk. Lactantia, for Milk Connoisseurs!</p><ul><li>Smooth and delicious filtered milk that stays fresh longer without preservatives</li><li>100% Canadian milk from Canadian dairies</li><li>Reduced fat, partially skimmed milk with 1% M.F.</li><li>Good source of calcium</li><li>9 g of protein per serving</li><li>Vitamins A & D</li><li>2 L</li></ul>", "packageSizing": "2 l, $0.29/100ml", "pricing": {"price": "5.80", "wasPrice": null, "displayPrice": "$5.80", "memberOnlyPrice": null, "mopDisplayPrice": null, "ehfTotal": null, "environmentalHandlingFee": null, "taxInfo": ""}, "pricingUnits": {"type": "SOLD_BY_EACH", "unit": "ea", "interval": 1, "minOrderQuantity": 1, "maxOrderQuantity": 24, "weighted": false}, "deal": null, "mopDeal": null, "pcoDeal": null, "inventoryIndicator": null, "offerType": "OG", "offerId": "OG", "action": null, "isVariant": false, "link": "/en/purfiltre-partially-skimmed-milk-1/p/21425018_EA", "productVendor": null, "productVariant": null, "textBadge": "", "variantTheme": null, "articleNumber": "21425018", "uom": "EA", "sponsoredCreative": null, "isSponsored": false, "isComplementarySponsored": false, "complementarySponsoredBadgeText": null, "productBadge": {"badgeId": "PREPARED_IN_CANADA", "badgeClass": "badge11", "text": "Prepared in Canada", "icon": {"url": "https://dis-prod.assetful.loblaw.ca/content/dam/loblaw-companies-limited/creative-assets/pc-optimum/global-list/maple-leaf-red.png", "altText": "", "placement": "LEFT"}}}}}
{"store": "Real Canadian Superstore", "site_slug": "realcanadiansuperstore", "source_url": "/search?search-bar=skim milk&page=1", "scrape_ts": "2026-01-02T05:20:47.704205Z", "external_id": "21424991_EA", "name": "PūrFiltre Milk 2% Partly Skimmed", "brand": "Lactantia", "size_text": "2 l, $0.29/100ml", "price": 5.8, "currency": "CAD", "unit_price": 0.29, "unit_price_uom": "100ml", "image_url": "https://digital.loblaws.ca/PCX/21424991_EA/en/1/21424991_enfr_front_v1_800.png", "category_path": null, "availability": "in_stock", "query_category": "skim milk", "raw_source": {"type": "next-data", "data": {"index": 39, "promotions": [], "productId": "21424991_EA", "productImage": [{"imageUrl": "https://digital.loblaws.ca/PCX/21424991_EA/en/1/21424991_enfr_front_v1_1200.png", "thumbnailUrl": "https://digital.loblaws.ca/PCX/21424991_EA/en/1/21424991_enfr_front_v1_120.png", "smallUrl": "https://digital.loblaws.ca/PCX/21424991_EA/en/1/21424991_enfr_front_v1_250.png", "mediumUrl": "https://digital.loblaws.ca/PCX/21424991_EA/en/1/21424991_enfr_front_v1_400.png", "largeUrl": "https://digital.loblaws.ca/PCX/21424991_EA/en/1/21424991_enfr_front_v1_800.png", "extraLargeUrl": "https://digital.loblaws.ca/PCX/21424991_EA/en/1/21424991_enfr_front_v1_1200.png", "smallRetinaUrl": "https://digital.loblaws.ca/PCX/21424991_EA/en/1/21424991_enfr_front_v1_250.png", "mediumRetinaUrl": "https://digital.loblaws.ca/PCX/21424991_EA/en/1/21424991_enfr_front_v1_400.png", "largeRetinaUrl": "https://digital.loblaws.ca/PCX/21424991_EA/en/1/21424991_enfr_front_v1_800.png"}], "brand": "Lactantia", "title": "PūrFiltre Milk 2% Partly Skimmed", "description": null, "packageSizing": "2 l, $0.29/100ml", "pricing": {"price": "5.80", "wasPrice": null, "displayPrice": "$5.80", "memberOnlyPrice": null, "mopDisplayPrice": null, "ehfTotal": null, "environmentalHandlingFee": null, "taxInfo": ""}, "pricingUnits": {"type": "SOLD_BY_EACH", "unit": "ea", "interval": 1, "minOrderQuantity": 1, "maxOrderQuantity": 24, "weighted": false}, "deal": null, "mopDeal": null, "pcoDeal": null, "inventoryIndicator": null, "offerType": "OG", "offerId": "OG", "action": null, "isVariant": false, "link": "/en/p-rfiltre-milk-2-partly-skimmed/p/21424991_EA", "productVendor": null, "productVariant": null, "textBadge": "", "variantTheme": null, "articleNumber": "21424991", "uom": "EA", "sponsoredCreative": null, "isSponsored": false, "isComplementarySponsored": false, "complementarySponsoredBadgeText": null, "productBadge": {"badgeId": "PREPARED_IN_CANADA", "badgeClass": "badge11", "text": "Prepared in Canada", "icon": {"url": "https://dis-prod.assetful.loblaw.ca/content/dam/loblaw-companies-limited/creative-assets/pc-optimum/global-list/maple-leaf-red.png", "altText": "", "placement": "LEFT"}}}}}
{"store": "Real Canadian Superstore", "site_slug": "realcanadiansuperstore", "source_url": "/search?search-bar=skim milk&page=1", "scrape_ts": "2026-01-02T05:20:47.704205Z", "external_id": "20354536_EA", "name": "Organic Partly Skimmed 1% Milk", "brand": "PC Organics", "size_text": "2 l, $0.39/100ml", "price": 7.79, "currency": "CAD", "unit_price": 0.39, "unit_price_uom": "100ml", "image_url": "https://digital.loblaws.ca/PCX/20354536_EA/en/1/6038387044_en_front_centre_marketing_GS1_Marketing_800.png", "category_path": null, "availability": "in_stock", "query_category": "skim milk", "raw_source": {"type": "next-data", "data": {"index": 40, "promotions": [], "productId": "20354536_EA", "productImage": [{"imageUrl": "https://digital.loblaws.ca/PCX/20354536_EA/en/1/6038387044_en_front_centre_marketing_GS1_Marketing_1200.png", "thumbnailUrl": "https://digital.loblaws.ca/PCX/20354536_EA/en/1/6038387044_en_front_centre_marketing_GS1_Marketing_120.png", "smallUrl": "https://digital.loblaws.ca/PCX/20354536_EA/en/1/6038387044_en_front_centre_marketing_GS1_Marketing_250.png", "mediumUrl": "https://digital.loblaws.ca/PCX/20354536_EA/en/1/6038387044_en_front_centre_marketing_GS1_Marketing_400.png", "largeUrl": "https://digital.loblaws.ca/PCX/20354536_EA/en/1/6038387044_en_front_centre_marketing_GS1_Marketing_800.png", "extraLargeUrl": "https://digital.loblaws.ca/PCX/20354536_EA/en/1/6038387044_en_front_centre_marketing_GS1_Marketing_1200.png", "smallRetinaUrl": "https://digital.loblaws.ca/PCX/20354536_EA/en/1/6038387044_en_front_centre_marketing_GS1_Marketing_250.png", "mediumRetinaUrl": "https://digital.loblaws.ca/PCX/20354536_EA/en/1/6038387044_en_front_centre_marketing_GS1_Marketing_400.png", "largeRetinaUrl": "https://digital.loblaws.ca/PCX/20354536_EA/en/1/6038387044_en_front_centre_marketing_GS1_Marketing_800.png"}], "brand": "PC Organics", "title": "Organic Partly Skimmed 1% Milk", "description": "Rich in nutrients, milk has been a food staple for centuries. Used in cooking, baking or simply as a wholesome beverage, Milk is a great way to get calcium and protein into your diet. Whole milk contains at least 3.25% milk fat. When a portion of the milk’s fat is removed, it becomes partly skimmed milk, such as 2% milk and 1% milk, depending on the quantity removed. Skim milk is virtually fat-free, with only about 0.1% fat.", "packageSizing": "2 l, $0.39/100ml", "pricing": {"price": "7.79", "wasPrice": null, "displayPrice": "$7.79", "memberOnlyPrice": null, "mopDisplayPrice": null, "ehfTotal": null, "environmentalHandlingFee": null, "taxInfo": ""}, "pricingUnits": {"type": "SOLD_BY_EACH", "unit": "ea", "interval": 1, "minOrderQuantity": 1, "maxOrderQuantity": 24, "weighted": false}, "deal": null, "mopDeal": null, "pcoDeal": null, "inventoryIndicator": null, "offerType": "OG", "offerId": "OG", "action": null, "isVariant": false, "link": "/en/organic-partly-skimmed-1-milk/p/20354536_EA", "productVendor": null, "productVariant": null, "textBadge": "", "variantTheme": null, "articleNumber": "20354536", "uom": "EA", "sponsoredCreative": null, "isSponsored": false, "isComplementarySponsored": false, "complementarySponsoredBadgeText": null, "productBadge": {"badgeId": "SUBSCRIBE_EARN", "badgeClass": "badge06", "text": "Subscribe & Earn", "icon": null}}}}
{"store": "Real Canadian Superstore", "site_slug": "realcanadiansuperstore", "source_url": "/search?search-bar=skim milk&page=1", "scrape_ts": "2026-01-02T05:20:47.704205Z", "external_id": "20304385_EA", "name": "Organic Partly Skimmed 2% Milk", "brand": "PC Organics", "size_text": "4 l, $0.27/100ml", "price": 10.79, "currency": "CAD", "unit_price": 0.27, "unit_price_uom": "100ml", "image_url": "https://digital.loblaws.ca/PCX/20304385_EA/en/1/6038370737_enfr_front_centre_marketing_GS1_Marketing_800.png", "category_path": null, "availability": "in_stock", "query_category": "skim milk", "raw_source": {"type": "next-data", "data": {"index": 41, "promotions": [], "productId": "20304385_EA", "productImage": [{"imageUrl": "https://digital.loblaws.ca/PCX/20304385_EA/en/1/6038370737_enfr_front_centre_marketing_GS1_Marketing_1200.png", "thumbnailUrl": "https://digital.loblaws.ca/PCX/20304385_EA/en/1/6038370737_enfr_front_centre_marketing_GS1_Marketing_120.png", "smallUrl": "https://digital.loblaws.ca/PCX/20304385_EA/en/1/6038370737_enfr_front_centre_marketing_GS1_Marketing_250.png", "mediumUrl": "https://digital.loblaws.ca/PCX/20304385_EA/en/1/6038370737_enfr_front_centre_marketing_GS1_Marketing_400.png", "largeUrl": "https://digital.loblaws.ca/PCX/20304385_EA/en/1/6038370737_enfr_front_centre_marketing_GS1_Marketing_800.png", "extraLargeUrl": "https://digital.loblaws.ca/PCX/20304385_EA/en/1/6038370737_enfr_front_centre_marketing_GS1_Marketing_1200.png", "smallRetinaUrl": "https://digital.loblaws.ca/PCX/20304385_EA/en/1/6038370737_enfr_front_centre_marketing_GS1_Marketing_250.png", "mediumRetinaUrl": "https://digital.loblaws.ca/PCX/20304385_EA/en/1/6038370737_enfr_front_centre_marketing_GS1_Marketing_400.png", "largeRetinaUrl": "https://digital.loblaws.ca/PCX/20304385_EA/en/1/6038370737_enfr_front_centre_marketing_GS1_Marketing_800.png"}], "brand": "PC Organics", "title": "Organic Partly Skimmed 2% Milk", "description": "Rich in nutrients, milk has been a food staple for centuries. Used in cooking, baking or simply as a wholesome beverage, Milk is a great way to get calcium and protein into your diet. Whole milk contains at least 3.25% milk fat. When a portion of the milk’s fat is removed, it becomes partly skimmed milk, such as 2% milk and 1% milk, depending on the quantity removed. Skim milk is virtually fat-free, with only about 0.1% fat.", "packageSizing": "4 l, $0.27/100ml", "pricing": {"price": "10.79", "wasPrice": null, "displayPrice": "$10.79", "memberOnlyPrice": null, "mopDisplayPrice": null, "ehfTotal": null, "environmentalHandlingFee": null, "taxInfo": ""}, "pricingUnits": {"type": "SOLD_BY_EACH", "unit": "ea", "interval": 1, "minOrderQuantity": 1, "maxOrderQuantity": 24, "weighted": false}, "deal": null, "mopDeal": null, "pcoDeal": null, "inventoryIndicator": null, "offerType": "OG", "offerId": "OG", "action": null, "isVariant": false, "link": "/en/organic-partly-skimmed-2-milk/p/20304385_EA", "productVendor": null, "productVariant": null, "textBadge": "", "variantTheme": null, "articleNumber": "20304385", "uom": "EA", "sponsoredCreative": null, "isSponsored": false, "isComplementarySponsored": false, "complementarySponsoredBadgeText": null, "productBadge": {"badgeId": "SUBSCRIBE_EARN", "badgeClass": "badge06", "text": "Subscribe & Earn", "icon": null}}}}
{"store": "Real Canadian Superstore", "site_slug": "realcanadiansuperstore", "source_url": "/search?search-bar=skim milk&page=1", "scrape_ts": "2026-01-02T05:20:47.704205Z", "external_id": "20308534002_EA", "name": "Organic Partly Skimmed 1% Milk", "brand": "PC Organics", "size_text": "4 l, $0.27/100ml", "price": 10.79, "currency": "CAD", "unit_price": 0.27, "unit_price_uom": "100ml", "image_url": "https://digital.loblaws.ca/PCX/20308534002_EA/en/1/20308534002_en_front_800.png", "category_path": null, "availability": "in_stock", "query_category": "skim milk", "raw_source": {"type": "next-data", "data": {"index": 42, "promotions": [], "productId": "20308534002_EA", "productImage": [{"imageUrl": "https://digital.loblaws.ca/PCX/20308534002_EA/en/1/20308534002_en_front_1200.png", "thumbnailUrl": "https://digital.loblaws.ca/PCX/20308534002_EA/en/1/20308534002_en_front_120.png", "smallUrl": "https://digital.loblaws.ca/PCX/20308534002_EA/en/1/20308534002_en_front_250.png", "mediumUrl": "https://digital.loblaws.ca/PCX/20308534002_EA/en/1/20308534002_en_front_400.png", "largeUrl": "https://digital.loblaws.ca/PCX/20308534002_EA/en/1/20308534002_en_front_800.png", "extraLargeUrl": "https://digital.loblaws.ca/PCX/20308534002_EA/en/1/20308534002_en_front_1200.png", "smallRetinaUrl": "https://digital.loblaws.ca/PCX/20308534002_EA/en/1/20308534002_en_front_250.png", "mediumRetinaUrl": "https://digital.loblaws.ca/PCX/20308534002_EA/en/1/20308534002_en_front_400.png", "largeRetinaUrl": "https://digital.loblaws.ca/PCX/20308534002_EA/en/1/20308534002_en_front_800.png"}], "brand": "PC Organics", "title": "Organic Partly Skimmed 1% Milk", "description": "Rich in nutrients, milk has been a food staple for centuries. Used in cooking, baking or simply as a wholesome beverage, Milk is a great way to get calcium and protein into your diet. Whole milk contains at least 3.25% milk fat. When a portion of the milk’s fat is removed, it becomes partly skimmed milk, such as 2% milk and 1% milk, depending on the quantity removed. Skim milk is virtually fat-free, with only about 0.1% fat.", "packageSizing": "4 l, $0.27/100ml", "pricing": {"price": "10.79", "wasPrice": null, "displayPrice": "$10.79", "memberOnlyPrice": null, "mopDisplayPrice": null, "ehfTotal": null, "environmentalHandlingFee": null, "taxInfo": ""}, "pricingUnits": {"type": "SOLD_BY_EACH", "unit": "ea", "interval": 1, "minOrderQuantity": 1, "maxOrderQuantity": 24, "weighted": false}, "deal": null, "mopDeal": null, "pcoDeal": null, "inventoryIndicator": null, "offerType": "OG", "offerId": "OG", "action": null, "isVariant": false, "link": "/en/organic-partly-skimmed-1-milk/p/20308534002_EA", "productVendor": null, "productVariant": null, "textBadge": "", "variantTheme": null, "articleNumber": "20308534002", "uom": "EA", "sponsoredCreative": null, "isSponsored": false, "isComplementarySponsored": false, "complementarySponsoredBadgeText": null, "productBadge": {"badgeId": "SUBSCRIBE_EARN", "badgeClass": "badge06", "text": "Subscribe & Earn", "icon": null}}}}
{"store": "Real Canadian Superstore", "site_slug": "realcanadiansuperstore", "source_url": "/search?search-bar=skim milk&page=1", "scrape_ts": "2026-01-02T05:20:47.704205Z", "external_id": "20354310_EA", "name": "Organic Partly Skimmed 2% Milk", "brand": "PC Organics", "size_text": "2 l, $0.39/100ml", "price": 7.79, "currency": "CAD", "unit_price": 0.39, "unit_price_uom": "100ml", "image_url": "https://digital.loblaws.ca/PCX/20354310_EA/en/1/6038387045_en_front_centre_marketing_GS1_Marketing_800.png", "category_path": null, "availability": "in_stock", "query_category": "skim milk", "raw_source": {"type": "next-data", "data": {"index": 43, "promotions": [], "productId": "20354310_EA", "productImage": [{"imageUrl": "https://digital.loblaws.ca/PCX/20354310_EA/en/1/6038387045_en_front_centre_marketing_GS1_Marketing_1200.png", "thumbnailUrl": "https://digital.loblaws.ca/PCX/20354310_EA/en/1/6038387045_en_front_centre_marketing_GS1_Marketing_120.png", "smallUrl": "https://digital.loblaws.ca/PCX/20354310_EA/en/1/6038387045_en_front_centre_marketing_GS1_Marketing_250.png", "mediumUrl": "https://digital.loblaws.ca/PCX/20354310_EA/en/1/6038387045_en_front_centre_marketing_GS1_Marketing_400.png", "largeUrl": "https://digital.loblaws.ca/PCX/20354310_EA/en/1/6038387045_en_front_centre_marketing_GS1_Marketing_800.png", "extraLargeUrl": "https://digital.loblaws.ca/PCX/20354310_EA/en/1/6038387045_en_front_centre_marketing_GS1_Marketing_1200.png", "smallRetinaUrl": "https://digital.loblaws.ca/PCX/20354310_EA/en/1/6038387045_en_front_centre_marketing_GS1_Marketing_250.png", "mediumRetinaUrl": "https://digital.loblaws.ca/PCX/20354310_EA/en/1/6038387045_en_front_centre_marketing_GS1_Marketing_400.png", "largeRetinaUrl": "https://digital.loblaws.ca/PCX/20354310_EA/en/1/6038387045_en_front_centre_marketing_GS1_Marketing_800.png"}], "brand": "PC Organics", "title": "Organic Partly Skimmed 2% Milk", "description": "Rich in nutrients, milk has been a food staple for centuries. Used in cooking, baking or simply as a wholesome beverage, Milk is a great way to get calcium and protein into your diet. Whole milk contains at least 3.25% milk fat. When a portion of the milk’s fat is removed, it becomes partly skimmed milk, such as 2% milk and 1% milk, depending on the quantity removed. Skim milk is virtually fat-free, with only about 0.1% fat.", "packageSizing": "2 l, $0.39/100ml", "pricing": {"price": "7.79", "wasPrice": null, "displayPrice": "$7.79", "memberOnlyPrice": null, "mopDisplayPrice": null, "ehfTotal": null, "environmentalHandlingFee": null, "taxInfo": ""}, "pricingUnits": {"type": "SOLD_BY_EACH", "unit": "ea", "interval": 1, "minOrderQuantity": 1, "maxOrderQuantity": 24, "weighted": false}, "deal": null, "mopDeal": null, "pcoDeal": null, "inventoryIndicator": null, "offerType": "OG", "offerId": "OG", "action": null, "isVariant": false, "link": "/en/organic-partly-skimmed-2-milk/p/20354310_EA", "productVendor": null, "productVariant": null, "textBadge": "", "variantTheme": null, "articleNumber": "20354310", "uom": "EA", "sponsoredCreative": null, "isSponsored": false, "isComplementarySponsored": false, "complementarySponsoredBadgeText": null, "productBadge": {"badgeId": "SUBSCRIBE_EARN", "badgeClass": "badge06", "text": "Subscribe & Earn", "icon": null}}}}
{"store": "Real Canadian Superstore", "site_slug": "realcanadiansuperstore", "source_url": "/search?search-bar=skim milk&page=1", "scrape_ts": "2026-01-02T05:20:47.704205Z", "external_id": "21163395_EA", "name": "2% Ultrafiltered Chocolate Partly Skimmed Milk", "brand": "Neilson", "size_text": "1 l, $0.40/100ml", "price": 4.0, "currency": "CAD", "unit_price": 0.4, "unit_price_uom": "100ml", "image_url": "https://digital.loblaws.ca/PCX/21163395_EA/en/1/21163395_en_front_v2_800.png", "category_path": null, "availability": "in_stock", "query_category": "skim milk", "raw_source": {"type": "next-data", "data": {"index": 44, "promotions": [], "productId": "21163395_EA", "productImage": [{"imageUrl": "https://digital.loblaws.ca/PCX/21163395_EA/en/1/21163395_en_front_v2_1200.png", "thumbnailUrl": "https://digital.loblaws.ca/PCX/21163395_EA/en/1/21163395_en_front_v2_120.png", "smallUrl": "https://digital.loblaws.ca/PCX/21163395_EA/en/1/21163395_en_front_v2_250.png", "mediumUrl": "https://digital.loblaws.ca/PCX/21163395_EA/en/1/21163395_en_front_v2_400.png", "largeUrl": "https://digital.loblaws.ca/PCX/21163395_EA/en/1/21163395_en_front_v2_800.png", "extraLargeUrl": "https://digital.loblaws.ca/PCX/21163395_EA/en/1/21163395_en_front_v2_1200.png", "smallRetinaUrl": "https://digital.loblaws.ca/PCX/21163395_EA/en/1/21163395_en_front_v2_250.png", "mediumRetinaUrl": "https://digital.loblaws.ca/PCX/21163395_EA/en/1/21163395_en_front_v2_400.png", "largeRetinaUrl": "https://digital.loblaws.ca/PCX/21163395_EA/en/1/21163395_en_front_v2_800.png"}], "brand": "Neilson", "title": "2% Ultrafiltered Chocolate Partly Skimmed Milk", "description": "<p>Neilson. Part of your family since 1893.Neilson Ultrafiltered Chocolate Partly Skimmed Beverage delivers a deliciously sweet chocolate milk experience made with 100% Canadian milk. Each 250 mL serving offers a comforting blend of indulgence and nourishment, packed with protein to support your daily routine.</p>", "packageSizing": "1 l, $0.40/100ml", "pricing": {"price": "4.00", "wasPrice": "$4.83", "displayPrice": "$4.00", "memberOnlyPrice": null, "mopDisplayPrice": null, "ehfTotal": null, "environmentalHandlingFee": null, "taxInfo": ""}, "pricingUnits": {"type": "SOLD_BY_EACH", "unit": "ea", "interval": 1, "minOrderQuantity": 1, "maxOrderQuantity": 24, "weighted": false}, "deal": {"type": "SALE", "text": "SAVE $0.83", "points": 0, "name": "SALE", "expiryDate": "2026-01-07T00:00:00Z", "dealPrice": null}, "mopDeal": null, "pcoDeal": null, "inventoryIndicator": null, "offerType": "OG", "offerId": "OG", "action": null, "isVariant": false, "link": "/en/2-ultrafiltered-chocolate-partly-skimmed-milk/p/21163395_EA", "productVendor": null, "productVariant": null, "textBadge": "", "variantTheme": null, "articleNumber": "21163395", "uom": "EA", "sponsoredCreative": null, "isSponsored": false, "isComplementarySponsored": false, "complementarySponsoredBadgeText": null, "productBadge": {"badgeId": "PREPARED_IN_CANADA", "badgeClass": "badge11", "text": "Prepared in Canada", "icon": {"url": "https://dis-prod.assetful.loblaw.ca/content/dam/loblaw-companies-limited/creative-assets/pc-optimum/global-list/maple-leaf-red.png", "altText": "", "placement": "LEFT"}}}}}
{"store": "Real Canadian Superstore", "site_slug": "realcanadiansuperstore", "source_url": "/search?search-bar=skim milk&page=1", "scrape_ts": "2026-01-02T05:20:47.704205Z", "external_id": "20896812_EA", "name": "2% Evaporated Partly Skimmed Milk", "brand": "Carnation", "size_text": "354 ml, $0.79/100ml", "price": 2.79, "currency": "CAD", "unit_price": 0.79, "unit_price_uom": "100ml", "image_url": "https://digital.loblaws.ca/PCX/20896812_EA/en/1/5900000312_en_front_centre_marketing_GS1_Ecommerce_800.png", "category_path": null, "availability": "in_stock", "query_category": "skim milk", "raw_source": {"type": "next-data", "data": {"index": 45, "promotions": [], "productId": "20896812_EA", "productImage": [{"imageUrl": "https://digital.loblaws.ca/PCX/20896812_EA/en/1/5900000312_en_front_centre_marketing_GS1_Ecommerce_1200.png", "thumbnailUrl": "https://digital.loblaws.ca/PCX/20896812_EA/en/1/5900000312_en_front_centre_marketing_GS1_Ecommerce_120.png", "smallUrl": "https://digital.loblaws.ca/PCX/20896812_EA/en/1/5900000312_en_front_centre_marketing_GS1_Ecommerce_250.png", "mediumUrl": "https://digital.loblaws.ca/PCX/20896812_EA/en/1/5900000312_en_front_centre_marketing_GS1_Ecommerce_400.png", "largeUrl": "https://digital.loblaws.ca/PCX/20896812_EA/en/1/5900000312_en_front_centre_marketing_GS1_Ecommerce_800.png", "extraLargeUrl": "https://digital.loblaws.ca/PCX/20896812_EA/en/1/5900000312_en_front_centre_marketing_GS1_Ecommerce_1200.png", "smallRetinaUrl": "https://digital.loblaws.ca/PCX/20896812_EA/en/1/5900000312_en_front_centre_marketing_GS1_Ecommerce_250.png", "mediumRetinaUrl": "https://digital.loblaws.ca/PCX/20896812_EA/en/1/5900000312_en_front_centre_marketing_GS1_Ecommerce_400.png", "largeRetinaUrl": "https://digital.loblaws.ca/PCX/20896812_EA/en/1/5900000312_en_front_centre_marketing_GS1_Ecommerce_800.png"}], "brand": "Carnation", "title": "2% Evaporated Partly Skimmed Milk", "description": "Carnation   2% Evaporated Partly Skimmed Milk is a shelf stable milk that is richer and creamier than milk because some of the water has been removed. With a slight carmelized flavour and only 2% fat, it's an easy and delicious ingredient to bake and cook with.", "packageSizing": "354 ml, $0.79/100ml", "pricing": {"price": "2.79", "wasPrice": null, "displayPrice": "$2.79", "memberOnlyPrice": null, "mopDisplayPrice": null, "ehfTotal": null, "environmentalHandlingFee": null, "taxInfo": ""}, "pricingUnits": {"type": "SOLD_BY_EACH", "unit": "ea", "interval": 1, "minOrderQuantity": 1, "maxOrderQuantity": 24, "weighted": false}, "deal": null, "mopDeal": null, "pcoDeal": null, "inventoryIndicator": null, "offerType": "OG", "offerId": "OG", "action": null, "isVariant": false, "link": "/en/2-evaporated-partly-skimmed-milk/p/20896812_EA", "productVendor": null, "productVariant": null, "textBadge": "", "variantTheme": null, "articleNumber": "20896812", "uom": "EA", "sponsoredCreative": null, "isSponsored": false, "isComplementarySponsored": false, "complementarySponsoredBadgeText": null, "productBadge": {"badgeId": "PREPARED_IN_CANADA", "badgeClass": "badge11", "text": "Prepared in Canada", "icon": {"url": "https://dis-prod.assetful.loblaw.ca/content/dam/loblaw-companies-limited/creative-assets/pc-optimum/global-list/maple-leaf-red.png", "altText": "", "placement": "LEFT"}}}}}
{"store": "Real Canadian Superstore", "site_slug": "realcanadiansuperstore", "source_url": "/search?search-bar=skim milk&page=1", "scrape_ts": "2026-01-02T05:20:47.704205Z", "external_id": "21537885_EA", "name": "2% Partly Skimmed Milk", "brand": "Milk 2 Go", "size_text": "6x200.0 ml, $0.54/100ml", "price": 6.49, "currency": "CAD", "unit_price": 0.54, "unit_price_uom": "100ml", "image_url": "https://digital.loblaws.ca/PCX/21537885_EA/en/1/21537885_en_front_800.png", "category_path": null, "availability": "in_stock", "query_category": "skim milk", "raw_source": {"type": "next-data", "data": {"index": 46, "promotions": [], "productId": "21537885_EA", "productImage": [{"imageUrl": "https://digital.loblaws.ca/PCX/21537885_EA/en/1/21537885_en_front_1200.png", "thumbnailUrl": "https://digital.loblaws.ca/PCX/21537885_EA/en/1/21537885_en_front_120.png", "smallUrl": "https://digital.loblaws.ca/PCX/21537885_EA/en/1/21537885_en_front_250.png", "mediumUrl": "https://digital.loblaws.ca/PCX/21537885_EA/en/1/21537885_en_front_400.png", "largeUrl": "https://digital.loblaws.ca/PCX/21537885_EA/en/1/21537885_en_front_800.png", "extraLargeUrl": "https://digital.loblaws.ca/PCX/21537885_EA/en/1/21537885_en_front_1200.png", "smallRetinaUrl": "https://digital.loblaws.ca/PCX/21537885_EA/en/1/21537885_en_front_250.png", "mediumRetinaUrl": "https://digital.loblaws.ca/PCX/21537885_EA/en/1/21537885_en_front_400.png", "largeRetinaUrl": "https://digital.loblaws.ca/PCX/21537885_EA/en/1/21537885_en_front_800.png"}], "brand": "Milk 2 Go", "title": "2% Partly Skimmed Milk", "description": "It’s best buds with cookies, cake and pretty much all desserts. And it fits into the cup holder of your car. So much to love. Milk2Go is the right balance of fun and convenience. This playful brand offers a variety of flavours of bottled fresh milk to take on the go. We are committed to providing nutritious, delicious, Canadian-produced milk with no preservatives.  Milk2Go, the perfect on the go snack for everyone.", "packageSizing": "6x200.0 ml, $0.54/100ml", "pricing": {"price": "6.49", "wasPrice": null, "displayPrice": "$6.49", "memberOnlyPrice": null, "mopDisplayPrice": null, "ehfTotal": null, "environmentalHandlingFee": null, "taxInfo": ""}, "pricingUnits": {"type": "SOLD_BY_EACH", "unit": "ea", "interval": 1, "minOrderQuantity": 1, "maxOrderQuantity": 24, "weighted": false}, "deal": null, "mopDeal": null, "pcoDeal": null, "inventoryIndicator": null, "offerType": "OG", "offerId": "OG", "action": null, "isVariant": false, "link": "/en/2-partly-skimmed-milk/p/21537885_EA", "productVendor": null, "productVariant": null, "textBadge": "", "variantTheme": null, "articleNumber": "21537885", "uom": "EA", "sponsoredCreative": null, "isSponsored": false, "isComplementarySponsored": false, "complementarySponsoredBadgeText": null, "productBadge": {"badgeId": "PREPARED_IN_CANADA", "badgeClass": "badge11", "text": "Prepared in Canada", "icon": {"url": "https://dis-prod.assetful.loblaw.ca/content/dam/loblaw-companies-limited/creative-assets/pc-optimum/global-list/maple-leaf-red.png", "altText": "", "placement": "LEFT"}}}}}
{"store": "Real Canadian Superstore", "site_slug": "realcanadiansuperstore", "source_url": "/search?search-bar=skim milk&page=1", "scrape_ts": "2026-01-02T05:20:47.704205Z", "external_id": "20895935004_EA", "name": "1% Strawberry Partly Skimmed Milk", "brand": "Milk 2 Go", "size_text": "473 ml, $0.53/100ml", "price": 2.49, "currency": "CAD", "unit_price": 0.53, "unit_price_uom": "100ml", "image_url": "https://digital.loblaws.ca/PCX/20895935004_EA/en/1/20895935004_en_front_800.png", "category_path": null, "availability": "in_stock", "query_category": "skim milk", "raw_source": {"type": "next-data", "data": {"index": 47, "promotions": [], "productId": "20895935004_EA", "productImage": [{"imageUrl": "https://digital.loblaws.ca/PCX/20895935004_EA/en/1/20895935004_en_front_1200.png", "thumbnailUrl": "https://digital.loblaws.ca/PCX/20895935004_EA/en/1/20895935004_en_front_120.png", "smallUrl": "https://digital.loblaws.ca/PCX/20895935004_EA/en/1/20895935004_en_front_250.png", "mediumUrl": "https://digital.loblaws.ca/PCX/20895935004_EA/en/1/20895935004_en_front_400.png", "largeUrl": "https://digital.loblaws.ca/PCX/20895935004_EA/en/1/20895935004_en_front_800.png", "extraLargeUrl": "https://digital.loblaws.ca/PCX/20895935004_EA/en/1/20895935004_en_front_1200.png", "smallRetinaUrl": "https://digital.loblaws.ca/PCX/20895935004_EA/en/1/20895935004_en_front_250.png", "mediumRetinaUrl": "https://digital.loblaws.ca/PCX/20895935004_EA/en/1/20895935004_en_front_400.png", "largeRetinaUrl": "https://digital.loblaws.ca/PCX/20895935004_EA/en/1/20895935004_en_front_800.png"}], "brand": "Milk 2 Go", "title": "1% Strawberry Partly Skimmed Milk", "description": "When sweet strawberries hook up with fresh milk, the result is the most satisfying strawberry flavoured milk experience ever. We're not just milk. Milk2Go is the right balance of fun and convenience. We are committed to providing nutritious, delicious, Canadian-produced milk with no preservatives. Milk2Go, the perfect on the go snack for everyone. ", "packageSizing": "473 ml, $0.53/100ml", "pricing": {"price": "2.49", "wasPrice": null, "displayPrice": "$2.49", "memberOnlyPrice": null, "mopDisplayPrice": null, "ehfTotal": null, "environmentalHandlingFee": null, "taxInfo": "Plus Tax"}, "pricingUnits": {"type": "SOLD_BY_EACH", "unit": "ea", "interval": 1, "minOrderQuantity": 1, "maxOrderQuantity": 24, "weighted": false}, "deal": null, "mopDeal": null, "pcoDeal": null, "inventoryIndicator": null, "offerType": "OG", "offerId": "OG", "action": null, "isVariant": false, "link": "/en/1-strawberry-partly-skimmed-milk/p/20895935004_EA", "productVendor": null, "productVariant": null, "textBadge": "", "variantTheme": null, "articleNumber": "20895935004", "uom": "EA", "sponsoredCreative": null, "isSponsored": false, "isComplementarySponsored": false, "complementarySponsoredBadgeText": null, "productBadge": {"badgeId": "PREPARED_IN_CANADA", "badgeClass": "badge11", "text": "Prepared in Canada", "icon": {"url": "https://dis-prod.assetful.loblaw.ca/content/dam/loblaw-companies-limited/creative-assets/pc-optimum/global-list/maple-leaf-red.png", "altText": "", "placement": "LEFT"}}}}}
{"store": "Real Canadian Superstore", "site_slug": "realcanadiansuperstore", "source_url": "/search?search-bar=skim milk&page=1", "scrape_ts": "2026-01-02T05:20:47.704205Z", "external_id": "21065263_EA", "name": "1% Chocolate Partly Skimmed Milk", "brand": "Milk 2 Go", "size_text": "6x200.0 ml, $540.83/100ml", "price": 6.49, "currency": "CAD", "unit_price": 540.83, "unit_price_uom": "100ml", "image_url": "https://digital.loblaws.ca/PCX/21065263_EA/en/1/21065263_en_front_v1_800.png", "category_path": null, "availability": "in_stock", "query_category": "skim milk", "raw_source": {"type": "next-data", "data": {"index": 48, "promotions": [], "productId": "21065263_EA", "productImage": [{"imageUrl": "https://digital.loblaws.ca/PCX/21065263_EA/en/1/21065263_en_front_v1_1200.png", "thumbnailUrl": "https://digital.loblaws.ca/PCX/21065263_EA/en/1/21065263_en_front_v1_120.png", "smallUrl": "https://digital.loblaws.ca/PCX/21065263_EA/en/1/21065263_en_front_v1_250.png", "mediumUrl": "https://digital.loblaws.ca/PCX/21065263_EA/en/1/21065263_en_front_v1_400.png", "largeUrl": "https://digital.loblaws.ca/PCX/21065263_EA/en/1/21065263_en_front_v1_800.png", "extraLargeUrl": "https://digital.loblaws.ca/PCX/21065263_EA/en/1/21065263_en_front_v1_1200.png", "smallRetinaUrl": "https://digital.loblaws.ca/PCX/21065263_EA/en/1/21065263_en_front_v1_250.png", "mediumRetinaUrl": "https://digital.loblaws.ca/PCX/21065263_EA/en/1/21065263_en_front_v1_400.png", "largeRetinaUrl": "https://digital.loblaws.ca/PCX/21065263_EA/en/1/21065263_en_front_v1_800.png"}], "brand": "Milk 2 Go", "title": "1% Chocolate Partly Skimmed Milk", "description": "This Milk2Go chocolate flavoured milk will redefine your idea of chocolate milk and the amount of deliciousness that can fit inside a bottle. Milk2Go is the right balance of fun and convenience. We are committed to providing nutritious, delicious, Canadian-produced milk with no preservatives. Milk2Go, the perfect on the go snack for everyone. ", "packageSizing": "6x200.0 ml, $540.83/100ml", "pricing": {"price": "6.49", "wasPrice": null, "displayPrice": "$6.49", "memberOnlyPrice": null, "mopDisplayPrice": null, "ehfTotal": null, "environmentalHandlingFee": null, "taxInfo": ""}, "pricingUnits": {"type": "SOLD_BY_EACH", "unit": "ea", "interval": 1, "minOrderQuantity": 1, "maxOrderQuantity": 24, "weighted": false}, "deal": null, "mopDeal": null, "pcoDeal": null, "inventoryIndicator": null, "offerType": "OG", "offerId": "OG", "action": null, "isVariant": false, "link": "/en/1-chocolate-partly-skimmed-milk/p/21065263_EA", "productVendor": null, "productVariant": null, "textBadge": "", "variantTheme": null, "articleNumber": "21065263", "uom": "EA", "sponsoredCreative": null, "isSponsored": false, "isComplementarySponsored": false, "complementarySponsoredBadgeText": null, "productBadge": {"badgeId": "PREPARED_IN_CANADA", "badgeClass": "badge11", "text": "Prepared in Canada", "icon": {"url": "https://dis-prod.assetful.loblaw.ca/content/dam/loblaw-companies-limited/creative-assets/pc-optimum/global-list/maple-leaf-red.png", "altText": "", "placement": "LEFT"}}}}}
{"store": "Real Canadian Superstore", "site_slug": "realcanadiansuperstore", "source_url": "/search?search-bar=skim milk&page=1", "scrape_ts": "2026-01-02T05:20:47.704205Z", "external_id": "21061412_EA", "name": "1% Strawberry Partly Skimmed Milk", "brand": "Milk 2 Go", "size_text": "310 ml, $0.64/100ml", "price": 1.99, "currency": "CAD", "unit_price": 0.64, "unit_price_uom": "100ml", "image_url": "https://digital.loblaws.ca/PCX/21061412_EA/en/1/21061412_en_front_800.png", "category_path": null, "availability": "in_stock", "query_category": "skim milk", "raw_source": {"type": "next-data", "data": {"index": 49, "promotions": [], "productId": "21061412_EA", "productImage": [{"imageUrl": "https://digital.loblaws.ca/PCX/21061412_EA/en/1/21061412_en_front_1200.png", "thumbnailUrl": "https://digital.loblaws.ca/PCX/21061412_EA/en/1/21061412_en_front_120.png", "smallUrl": "https://digital.loblaws.ca/PCX/21061412_EA/en/1/21061412_en_front_250.png", "mediumUrl": "https://digital.loblaws.ca/PCX/21061412_EA/en/1/21061412_en_front_400.png", "largeUrl": "https://digital.loblaws.ca/PCX/21061412_EA/en/1/21061412_en_front_800.png", "extraLargeUrl": "https://digital.loblaws.ca/PCX/21061412_EA/en/1/21061412_en_front_1200.png", "smallRetinaUrl": "https://digital.loblaws.ca/PCX/21061412_EA/en/1/21061412_en_front_250.png", "mediumRetinaUrl": "https://digital.loblaws.ca/PCX/21061412_EA/en/1/21061412_en_front_400.png", "largeRetinaUrl": "https://digital.loblaws.ca/PCX/21061412_EA/en/1/21061412_en_front_800.png"}], "brand": "Milk 2 Go", "title": "1% Strawberry Partly Skimmed Milk", "description": "When sweet strawberries hook up with fresh milk, the result is the most satisfying strawberry flavoured milk experience ever. We're not just milk. Milk2Go is the right balance of fun and convenience. We are committed to providing nutritious, delicious, Canadian-produced milk with no preservatives. No refrigeration needed! The ultra-high temperature pasteurization and innovative bottle design allow our milk to stay fresh longer than regular pasteurized milk. Now that’s a twist! Milk2Go, the perfect on the go snack for everyone.", "packageSizing": "310 ml, $0.64/100ml", "pricing": {"price": "1.99", "wasPrice": null, "displayPrice": "$1.99", "memberOnlyPrice": null, "mopDisplayPrice": null, "ehfTotal": null, "environmentalHandlingFee": null, "taxInfo": "Plus Tax"}, "pricingUnits": {"type": "SOLD_BY_EACH", "unit": "ea", "interval": 1, "minOrderQuantity": 1, "maxOrderQuantity": 24, "weighted": false}, "deal": null, "mopDeal": null, "pcoDeal": null, "inventoryIndicator": null, "offerType": "OG", "offerId": "OG", "action": null, "isVariant": false, "link": "/en/1-strawberry-partly-skimmed-milk/p/21061412_EA", "productVendor": null, "productVariant": null, "textBadge": "", "variantTheme": null, "articleNumber": "21061412", "uom": "EA", "sponsoredCreative": null, "isSponsored": false, "isComplementarySponsored": false, "complementarySponsoredBadgeText": null, "productBadge": null}}}
{"store": "Real Canadian Superstore", "site_slug": "realcanadiansuperstore", "source_url": "/search?search-bar=skim milk&page=1", "scrape_ts": "2026-01-02T05:20:47.704205Z", "external_id": "20895935002_EA", "name": "1% Chocolate Partly Skimmed Milk", "brand": "Milk 2 Go", "size_text": "473 ml, $0.53/100ml", "price": 2.49, "currency": "CAD", "unit_price": 0.53, "unit_price_uom": "100ml", "image_url": "https://digital.loblaws.ca/PCX/20895935002_EA/en/1/20895935002_en_front_v1_800.png", "category_path": null, "availability": "in_stock", "query_category": "skim milk", "raw_source": {"type": "next-data", "data": {"index": 50, "promotions": [], "productId": "20895935002_EA", "productImage": [{"imageUrl": "https://digital.loblaws.ca/PCX/20895935002_EA/en/1/20895935002_en_front_v1_1200.png", "thumbnailUrl": "https://digital.loblaws.ca/PCX/20895935002_EA/en/1/20895935002_en_front_v1_120.png", "smallUrl": "https://digital.loblaws.ca/PCX/20895935002_EA/en/1/20895935002_en_front_v1_250.png", "mediumUrl": "https://digital.loblaws.ca/PCX/20895935002_EA/en/1/20895935002_en_front_v1_400.png", "largeUrl": "https://digital.loblaws.ca/PCX/20895935002_EA/en/1/20895935002_en_front_v1_800.png", "extraLargeUrl": "https://digital.loblaws.ca/PCX/20895935002_EA/en/1/20895935002_en_front_v1_1200.png", "smallRetinaUrl": "https://digital.loblaws.ca/PCX/20895935002_EA/en/1/20895935002_en_front_v1_250.png", "mediumRetinaUrl": "https://digital.loblaws.ca/PCX/20895935002_EA/en/1/20895935002_en_front_v1_400.png", "largeRetinaUrl": "https://digital.loblaws.ca/PCX/20895935002_EA/en/1/20895935002_en_front_v1_800.png"}], "brand": "Milk 2 Go", "title": "1% Chocolate Partly Skimmed Milk", "description": "This Milk2Go chocolate flavoured milk will redefine your idea of chocolate milk and the amount of deliciousness that can fit inside a bottle. Milk2Go is the right balance of fun and convenience and offers a variety of flavours of bottled fresh milk to take on the go. We are committed to providing nutritious, delicious, Canadian-produced milk with no preservatives. Milk2Go, the perfect on the go snack for everyone. ", "packageSizing": "473 ml, $0.53/100ml", "pricing": {"price": "2.49", "wasPrice": null, "displayPrice": "$2.49", "memberOnlyPrice": null, "mopDisplayPrice": null, "ehfTotal": null, "environmentalHandlingFee": null, "taxInfo": "Plus Tax"}, "pricingUnits": {"type": "SOLD_BY_EACH", "unit": "ea", "interval": 1, "minOrderQuantity": 1, "maxOrderQuantity": 24, "weighted": false}, "deal": null, "mopDeal": null, "pcoDeal": null, "inventoryIndicator": null, "offerType": "OG", "offerId": "OG", "action": null, "isVariant": false, "link": "/en/1-chocolate-partly-skimmed-milk/p/20895935002_EA", "productVendor": null, "productVariant": null, "textBadge": "", "variantTheme": null, "articleNumber": "20895935002", "uom": "EA", "sponsoredCreative": null, "isSponsored": false, "isComplementarySponsored": false, "complementarySponsoredBadgeText": null, "productBadge": {"badgeId": "PREPARED_IN_CANADA", "badgeClass": "badge11", "text": "Prepared in Canada", "icon": {"url": "https://dis-prod.assetful.loblaw.ca/content/dam/loblaw-companies-limited/creative-assets/pc-optimum/global-list/maple-leaf-red.png", "altText": "", "placement": "LEFT"}}}}}
{"store": "Real Canadian Superstore", "site_slug": "realcanadiansuperstore", "source_url": "/search?search-bar=skim milk&page=1", "scrape_ts": "2026-01-02T05:20:47.704205Z", "external_id": "20895935005_EA", "name": "1% Vanilla Partly Skimmed Milk", "brand": "Milk 2 Go", "size_text": "473 ml, $0.53/100ml", "price": 2.49, "currency": "CAD", "unit_price": 0.53, "unit_price_uom": "100ml", "image_url": "https://digital.loblaws.ca/PCX/20895935005_EA/en/1/20895935005_en_front_800.png", "category_path": null, "availability": "in_stock", "query_category": "skim milk", "raw_source": {"type": "next-data", "data": {"index": 51, "promotions": [], "productId": "20895935005_EA", "productImage": [{"imageUrl": "https://digital.loblaws.ca/PCX/20895935005_EA/en/1/20895935005_en_front_1200.png", "thumbnailUrl": "https://digital.loblaws.ca/PCX/20895935005_EA/en/1/20895935005_en_front_120.png", "smallUrl": "https://digital.loblaws.ca/PCX/20895935005_EA/en/1/20895935005_en_front_250.png", "mediumUrl": "https://digital.loblaws.ca/PCX/20895935005_EA/en/1/20895935005_en_front_400.png", "largeUrl": "https://digital.loblaws.ca/PCX/20895935005_EA/en/1/20895935005_en_front_800.png", "extraLargeUrl": "https://digital.loblaws.ca/PCX/20895935005_EA/en/1/20895935005_en_front_1200.png", "smallRetinaUrl": "https://digital.loblaws.ca/PCX/20895935005_EA/en/1/20895935005_en_front_250.png", "mediumRetinaUrl": "https://digital.loblaws.ca/PCX/20895935005_EA/en/1/20895935005_en_front_400.png", "largeRetinaUrl": "https://digital.loblaws.ca/PCX/20895935005_EA/en/1/20895935005_en_front_800.png"}], "brand": "Milk 2 Go", "title": "1% Vanilla Partly Skimmed Milk", "description": "Vanilla is not a flavour. Vanilla is the flavour. If you have any doubts, one sip of this tasty vanilla-flavoured milk will make you a believer. We're not just milk. Milk2Go is the right balance of fun and convenience. We are committed to providing nutritious, delicious, Canadian-produced milk with no preservatives. Milk2Go, the perfect on the go snack for everyone. ", "packageSizing": "473 ml, $0.53/100ml", "pricing": {"price": "2.49", "wasPrice": null, "displayPrice": "$2.49", "memberOnlyPrice": null, "mopDisplayPrice": null, "ehfTotal": null, "environmentalHandlingFee": null, "taxInfo": "Plus Tax"}, "pricingUnits": {"type": "SOLD_BY_EACH", "unit": "ea", "interval": 1, "minOrderQuantity": 1, "maxOrderQuantity": 24, "weighted": false}, "deal": null, "mopDeal": null, "pcoDeal": null, "inventoryIndicator": null, "offerType": "OG", "offerId": "OG", "action": null, "isVariant": false, "link": "/en/1-vanilla-partly-skimmed-milk/p/20895935005_EA", "productVendor": null, "productVariant": null, "textBadge": "", "variantTheme": null, "articleNumber": "20895935005", "uom": "EA", "sponsoredCreative": null, "isSponsored": false, "isComplementarySponsored": false, "complementarySponsoredBadgeText": null, "productBadge": {"badgeId": "PREPARED_IN_CANADA", "badgeClass": "badge11", "text": "Prepared in Canada", "icon": {"url": "https://dis-prod.assetful.loblaw.ca/content/dam/loblaw-companies-limited/creative-assets/pc-optimum/global-list/maple-leaf-red.png", "altText": "", "placement": "LEFT"}}}}}
{"store": "Real Canadian Superstore", "site_slug": "realcanadiansuperstore", "source_url": "/search?search-bar=2% milk&page=1", "scrape_ts": "2026-01-02T05:23:53.441383Z", "external_id": "20148677_EA", "name": "2% Microfiltered Milk", "brand": "Neilson", "size_text": "4 l, $0.17/100ml", "price": 6.88, "currency": "CAD", "unit_price": 0.17, "unit_price_uom": "100ml", "image_url": "https://digital.loblaws.ca/PCX/20148677_EA/en/1/20148677_en_front_v1_800.png", "category_path": null, "availability": "in_stock", "query_category": "2% milk", "raw_source": {"type": "next-data", "data": {"index": 1, "promotions": [], "productId": "20148677_EA", "productImage": [{"imageUrl": "https://digital.loblaws.ca/PCX/20148677_EA/en/1/20148677_en_front_v1_1200.png", "thumbnailUrl": "https://digital.loblaws.ca/PCX/20148677_EA/en/1/20148677_en_front_v1_120.png", "smallUrl": "https://digital.loblaws.ca/PCX/20148677_EA/en/1/20148677_en_front_v1_250.png", "mediumUrl": "https://digital.loblaws.ca/PCX/20148677_EA/en/1/20148677_en_front_v1_400.png", "largeUrl": "https://digital.loblaws.ca/PCX/20148677_EA/en/1/20148677_en_front_v1_800.png", "extraLargeUrl": "https://digital.loblaws.ca/PCX/20148677_EA/en/1/20148677_en_front_v1_1200.png", "smallRetinaUrl": "https://digital.loblaws.ca/PCX/20148677_EA/en/1/20148677_en_front_v1_250.png", "mediumRetinaUrl": "https://digital.loblaws.ca/PCX/20148677_EA/en/1/20148677_en_front_v1_400.png", "largeRetinaUrl": "https://digital.loblaws.ca/PCX/20148677_EA/en/1/20148677_en_front_v1_800.png"}], "brand": "Neilson", "title": "2% Microfiltered Milk", "description": "Fresh, wholesome milk… naturally from Neilson.Since 1893, Neilson has stood for high quality dairy products. Neilson has always been committed to using the best ingredients, people and processes to produce great tasting quality milk you can depend on. Always fresh, always delicious and always an excellent source of calcium, protein and vitamin D.", "packageSizing": "4 l, $0.17/100ml", "pricing": {"price": "6.88", "wasPrice": null, "displayPrice": "$6.88", "memberOnlyPrice": null, "mopDisplayPrice": null, "ehfTotal": null, "environmentalHandlingFee": null, "taxInfo": ""}, "pricingUnits": {"type": "SOLD_BY_EACH", "unit": "ea", "interval": 1, "minOrderQuantity": 1, "maxOrderQuantity": 24, "weighted": false}, "deal": null, "mopDeal": null, "pcoDeal": null, "inventoryIndicator": null, "offerType": "OG", "offerId": "OG", "action": null, "isVariant": false, "link": "/en/2-microfiltered-milk/p/20148677_EA", "productVendor": null, "productVariant": null, "textBadge": "", "variantTheme": null, "articleNumber": "20148677", "uom": "EA", "sponsoredCreative": {"adGroupId": "08faf8d0-9efa-4b40-8f8f-104e8496e7cd", "campaignId": "29417d32-f885-4466-bc4b-f97b369e3a7c", "placementId": "fdf076c0-aef1-4f4f-8a4b-c9c88ec1f7bb", "encryptedCost": "RufV7fD59RYlv+hfVRgyHznXrjOmBfooF1lC1BExohI=", "creativeId": "48c608f7-cac3-4d18-a604-acb3c45a7e12", "servingId": "e2cfcc49-5bc7-4b55-b62f-dcc2217246f7", "keyword": "2% milk", "targetedKeyword": "milk", "matchType": "PHRASE_MATCH", "targetPageType": "SRP"}, "isSponsored": true, "isComplementarySponsored": false, "complementarySponsoredBadgeText": null, "productBadge": {"badgeId": "SPONSORED", "badgeClass": null, "text": "Sponsored", "icon": null}}}}
{"store": "Real Canadian Superstore", "site_slug": "realcanadiansuperstore", "source_url": "/search?search-bar=2% milk&page=1", "scrape_ts": "2026-01-02T05:23:53.441383Z", "external_id": "20188873_EA", "name": "2% Milk", "brand": "Neilson", "size_text": "4 l, $0.16/100ml", "price": 6.25, "currency": "CAD", "unit_price": 0.16, "unit_price_uom": "100ml", "image_url": "https://digital.loblaws.ca/PCX/20188873_EA/en/1/20188873_en_front_800.png", "category_path": null, "availability": "in_stock", "query_category": "2% milk", "raw_source": {"type": "next-data", "data": {"index": 2, "promotions": [], "productId": "20188873_EA", "productImage": [{"imageUrl": "https://digital.loblaws.ca/PCX/20188873_EA/en/1/20188873_en_front_1200.png", "thumbnailUrl": "https://digital.loblaws.ca/PCX/20188873_EA/en/1/20188873_en_front_120.png", "smallUrl": "https://digital.loblaws.ca/PCX/20188873_EA/en/1/20188873_en_front_250.png", "mediumUrl": "https://digital.loblaws.ca/PCX/20188873_EA/en/1/20188873_en_front_400.png", "largeUrl": "https://digital.loblaws.ca/PCX/20188873_EA/en/1/20188873_en_front_800.png", "extraLargeUrl": "https://digital.loblaws.ca/PCX/20188873_EA/en/1/20188873_en_front_1200.png", "smallRetinaUrl": "https://digital.loblaws.ca/PCX/20188873_EA/en/1/20188873_en_front_250.png", "mediumRetinaUrl": "https://digital.loblaws.ca/PCX/20188873_EA/en/1/20188873_en_front_400.png", "largeRetinaUrl": "https://digital.loblaws.ca/PCX/20188873_EA/en/1/20188873_en_front_800.png"}], "brand": "Neilson", "title": "2% Milk", "description": "Fresh, wholesome milk… naturally from Neilson.Since 1893, Neilson has stood for high quality dairy products. Neilson has always been committed to using the best ingredients, people and processes to produce great tasting quality milk you can depend on. Always fresh, always delicious and always an excellent source of calcium, protein and vitamin D.", "packageSizing": "4 l, $0.16/100ml", "pricing": {"price": "6.25", "wasPrice": null, "displayPrice": "$6.25", "memberOnlyPrice": null, "mopDisplayPrice": null, "ehfTotal": null, "environmentalHandlingFee": null, "taxInfo": ""}, "pricingUnits": {"type": "SOLD_BY_EACH", "unit": "ea", "interval": 1, "minOrderQuantity": 1, "maxOrderQuantity": 24, "weighted": false}, "deal": null, "mopDeal": null, "pcoDeal": null, "inventoryIndicator": null, "offerType": "OG", "offerId": "OG", "action": null, "isVariant": false, "link": "/en/2-milk/p/20188873_EA", "productVendor": null, "productVariant": null, "textBadge": "", "variantTheme": null, "articleNumber": "20188873", "uom": "EA", "sponsoredCreative": null, "isSponsored": false, "isComplementarySponsored": false, "complementarySponsoredBadgeText": null, "productBadge": {"badgeId": "PREPARED_IN_CANADA", "badgeClass": "badge11", "text": "Prepared in Canada", "icon": {"url": "https://dis-prod.assetful.loblaw.ca/content/dam/loblaw-companies-limited/creative-assets/pc-optimum/global-list/maple-leaf-red.png", "altText": "", "placement": "LEFT"}}}}}
{"store": "Real Canadian Superstore", "site_slug": "realcanadiansuperstore", "source_url": "/search?search-bar=2% milk&page=1", "scrape_ts": "2026-01-02T05:23:53.441383Z", "external_id": "20130270_EA", "name": "2% Microfiltered Milk", "brand": "Neilson", "size_text": "2 l, $0.28/100ml", "price": 5.69, "currency": "CAD", "unit_price": 0.28, "unit_price_uom": "100ml", "image_url": "https://digital.loblaws.ca/PCX/20130270_EA/en/1/20130270_en_front_800.png", "category_path": null, "availability": "in_stock", "query_category": "2% milk", "raw_source": {"type": "next-data", "data": {"index": 3, "promotions": [], "productId": "20130270_EA", "productImage": [{"imageUrl": "https://digital.loblaws.ca/PCX/20130270_EA/en/1/20130270_en_front_1200.png", "thumbnailUrl": "https://digital.loblaws.ca/PCX/20130270_EA/en/1/20130270_en_front_120.png", "smallUrl": "https://digital.loblaws.ca/PCX/20130270_EA/en/1/20130270_en_front_250.png", "mediumUrl": "https://digital.loblaws.ca/PCX/20130270_EA/en/1/20130270_en_front_400.png", "largeUrl": "https://digital.loblaws.ca/PCX/20130270_EA/en/1/20130270_en_front_800.png", "extraLargeUrl": "https://digital.loblaws.ca/PCX/20130270_EA/en/1/20130270_en_front_1200.png", "smallRetinaUrl": "https://digital.loblaws.ca/PCX/20130270_EA/en/1/20130270_en_front_250.png", "mediumRetinaUrl": "https://digital.loblaws.ca/PCX/20130270_EA/en/1/20130270_en_front_400.png", "largeRetinaUrl": "https://digital.loblaws.ca/PCX/20130270_EA/en/1/20130270_en_front_800.png"}], "brand": "Neilson", "title": "2% Microfiltered Milk", "description": "Fresh, wholesome milk… naturally from Neilson.Since 1893, Neilson has stood for high quality dairy products. Neilson has always been committed to using the best ingredients, people and processes to produce great tasting quality milk you can depend on. Always fresh, always delicious and always an excellent source of calcium, protein and vitamin D.", "packageSizing": "2 l, $0.28/100ml", "pricing": {"price": "5.69", "wasPrice": null, "displayPrice": "$5.69", "memberOnlyPrice": null, "mopDisplayPrice": null, "ehfTotal": null, "environmentalHandlingFee": null, "taxInfo": ""}, "pricingUnits": {"type": "SOLD_BY_EACH", "unit": "ea", "interval": 1, "minOrderQuantity": 1, "maxOrderQuantity": 24, "weighted": false}, "deal": null, "mopDeal": null, "pcoDeal": null, "inventoryIndicator": null, "offerType": "OG", "offerId": "OG", "action": null, "isVariant": false, "link": "/en/2-microfiltered-milk/p/20130270_EA", "productVendor": null, "productVariant": null, "textBadge": "", "variantTheme": null, "articleNumber": "20130270", "uom": "EA", "sponsoredCreative": {"adGroupId": "08faf8d0-9efa-4b40-8f8f-104e8496e7cd", "campaignId": "29417d32-f885-4466-bc4b-f97b369e3a7c", "placementId": "fdf076c0-aef1-4f4f-8a4b-c9c88ec1f7bb", "encryptedCost": "eijXgBUkeG2CyaeHSOXVfPPaZg2fLs9uu6WP6Wkb9RA=", "creativeId": "cd847821-3691-4263-80cb-6ed85745ff55", "servingId": "e2cfcc49-5bc7-4b55-b62f-dcc2217246f7", "keyword": "2% milk", "targetedKeyword": "milk", "matchType": "PHRASE_MATCH", "targetPageType": "SRP"}, "isSponsored": true, "isComplementarySponsored": false, "complementarySponsoredBadgeText": null, "productBadge": {"badgeId": "SPONSORED", "badgeClass": null, "text": "Sponsored", "icon": null}}}}
{"store": "Real Canadian Superstore", "site_slug": "realcanadiansuperstore", "source_url": "/search?search-bar=2% milk&page=1", "scrape_ts": "2026-01-02T05:23:53.441383Z", "external_id": "21163396_EA", "name": "0% Ultrafiltered Skim Milk", "brand": "Neilson", "size_text": "1 l, $0.40/100ml", "price": 4.0, "currency": "CAD", "unit_price": 0.4, "unit_price_uom": "100ml", "image_url": "https://digital.loblaws.ca/PCX/21163396_EA/en/1/21163396_en_front_v2_800.png", "category_path": null, "availability": "in_stock", "query_category": "2% milk", "raw_source": {"type": "next-data", "data": {"index": 4, "promotions": [], "productId": "21163396_EA", "productImage": [{"imageUrl": "https://digital.loblaws.ca/PCX/21163396_EA/en/1/21163396_en_front_v2_1200.png", "thumbnailUrl": "https://digital.loblaws.ca/PCX/21163396_EA/en/1/21163396_en_front_v2_120.png", "smallUrl": "https://digital.loblaws.ca/PCX/21163396_EA/en/1/21163396_en_front_v2_250.png", "mediumUrl": "https://digital.loblaws.ca/PCX/21163396_EA/en/1/21163396_en_front_v2_400.png", "largeUrl": "https://digital.loblaws.ca/PCX/21163396_EA/en/1/21163396_en_front_v2_800.png", "extraLargeUrl": "https://digital.loblaws.ca/PCX/21163396_EA/en/1/21163396_en_front_v2_1200.png", "smallRetinaUrl": "https://digital.loblaws.ca/PCX/21163396_EA/en/1/21163396_en_front_v2_250.png", "mediumRetinaUrl": "https://digital.loblaws.ca/PCX/21163396_EA/en/1/21163396_en_front_v2_400.png", "largeRetinaUrl": "https://digital.loblaws.ca/PCX/21163396_EA/en/1/21163396_en_front_v2_800.png"}], "brand": "Neilson", "title": "0% Ultrafiltered Skim Milk", "description": "<p>Neilson. Part of your family since 1893.Get more out of your glass with Neilson Ultrafiltered Skim Milk. Made with 100% Canadian milk and enhanced through ultrafiltration, it delivers 18 grams of high-quality protein from milk in every 250 mL serving—perfect for fueling your day, your workout, or your recovery.</p>", "packageSizing": "1 l, $0.40/100ml", "pricing": {"price": "4.00", "wasPrice": "$4.83", "displayPrice": "$4.00", "memberOnlyPrice": null, "mopDisplayPrice": null, "ehfTotal": null, "environmentalHandlingFee": null, "taxInfo": ""}, "pricingUnits": {"type": "SOLD_BY_EACH", "unit": "ea", "interval": 1, "minOrderQuantity": 1, "maxOrderQuantity": 24, "weighted": false}, "deal": {"type": "SALE", "text": "SAVE $0.83", "points": 0, "name": "SALE", "expiryDate": "2026-01-07T00:00:00Z", "dealPrice": null}, "mopDeal": null, "pcoDeal": null, "inventoryIndicator": null, "offerType": "OG", "offerId": "OG", "action": null, "isVariant": false, "link": "/en/0-ultrafiltered-skim-milk/p/21163396_EA", "productVendor": null, "productVariant": null, "textBadge": "", "variantTheme": null, "articleNumber": "21163396", "uom": "EA", "sponsoredCreative": {"adGroupId": "4219728c-f2a1-4f5f-9dfa-0a53d87c84a4", "campaignId": "29417d32-f885-4466-bc4b-f97b369e3a7c", "placementId": "fdf076c0-aef1-4f4f-8a4b-c9c88ec1f7bb", "encryptedCost": "rxS8um7ewb7EZTFjUkQa/eW20pTBZkjPOHdQD5SGiVs=", "creativeId": "5c52348b-0918-45a8-8ced-8efaf57d6cf8", "servingId": "e2cfcc49-5bc7-4b55-b62f-dcc2217246f7", "keyword": "2% milk", "targetedKeyword": "milk", "matchType": "PHRASE_MATCH", "targetPageType": "SRP"}, "isSponsored": true, "isComplementarySponsored": false, "complementarySponsoredBadgeText": null, "productBadge": {"badgeId": "SPONSORED", "badgeClass": null, "text": "Sponsored", "icon": null}}}}
{"store": "Real Canadian Superstore", "site_slug": "realcanadiansuperstore", "source_url": "/search?search-bar=2% milk&page=1", "scrape_ts": "2026-01-02T05:23:53.441383Z", "external_id": "20017001_EA", "name": "2% Milk", "brand": "Neilson", "size_text": "2 l, $0.27/100ml", "price": 5.32, "currency": "CAD", "unit_price": 0.27, "unit_price_uom": "100ml", "image_url": "https://digital.loblaws.ca/PCX/20017001_EA/en/1/20017001_en_front_800.png", "category_path": null, "availability": "in_stock", "query_category": "2% milk", "raw_source": {"type": "next-data", "data": {"index": 5, "promotions": [], "productId": "20017001_EA", "productImage": [{"imageUrl": "https://digital.loblaws.ca/PCX/20017001_EA/en/1/20017001_en_front_1200.png", "thumbnailUrl": "https://digital.loblaws.ca/PCX/20017001_EA/en/1/20017001_en_front_120.png", "smallUrl": "https://digital.loblaws.ca/PCX/20017001_EA/en/1/20017001_en_front_250.png", "mediumUrl": "https://digital.loblaws.ca/PCX/20017001_EA/en/1/20017001_en_front_400.png", "largeUrl": "https://digital.loblaws.ca/PCX/20017001_EA/en/1/20017001_en_front_800.png", "extraLargeUrl": "https://digital.loblaws.ca/PCX/20017001_EA/en/1/20017001_en_front_1200.png", "smallRetinaUrl": "https://digital.loblaws.ca/PCX/20017001_EA/en/1/20017001_en_front_250.png", "mediumRetinaUrl": "https://digital.loblaws.ca/PCX/20017001_EA/en/1/20017001_en_front_400.png", "largeRetinaUrl": "https://digital.loblaws.ca/PCX/20017001_EA/en/1/20017001_en_front_800.png"}], "brand": "Neilson", "title": "2% Milk", "description": "Fresh, wholesome milk… naturally from Neilson.Since 1893, Neilson has stood for high quality dairy products. Neilson has always been committed to using the best ingredients, people and processes to produce great tasting quality milk you can depend on. Always fresh, always delicious and always an excellent source of calcium, protein and vitamin D.", "packageSizing": "2 l, $0.27/100ml", "pricing": {"price": "5.32", "wasPrice": null, "displayPrice": "$5.32", "memberOnlyPrice": null, "mopDisplayPrice": null, "ehfTotal": null, "environmentalHandlingFee": null, "taxInfo": ""}, "pricingUnits": {"type": "SOLD_BY_EACH", "unit": "ea", "interval": 1, "minOrderQuantity": 1, "maxOrderQuantity": 24, "weighted": false}, "deal": null, "mopDeal": null, "pcoDeal": null, "inventoryIndicator": null, "offerType": "OG", "offerId": "OG", "action": null, "isVariant": false, "link": "/en/2-milk/p/20017001_EA", "productVendor": null, "productVariant": null, "textBadge": "", "variantTheme": null, "articleNumber": "20017001", "uom": "EA", "sponsoredCreative": null, "isSponsored": false, "isComplementarySponsored": false, "complementarySponsoredBadgeText": null, "productBadge": {"badgeId": "PREPARED_IN_CANADA", "badgeClass": "badge11", "text": "Prepared in Canada", "icon": {"url": "https://dis-prod.assetful.loblaw.ca/content/dam/loblaw-companies-limited/creative-assets/pc-optimum/global-list/maple-leaf-red.png", "altText": "", "placement": "LEFT"}}}}}
{"store": "Real Canadian Superstore", "site_slug": "realcanadiansuperstore", "source_url": "/search?search-bar=2% milk&page=1", "scrape_ts": "2026-01-02T05:23:53.441383Z", "external_id": "20039684_EA", "name": "2% Lactose Free Milk", "brand": "Neilson", "size_text": "4 l, $0.27/100ml", "price": 10.99, "currency": "CAD", "unit_price": 0.27, "unit_price_uom": "100ml", "image_url": "https://digital.loblaws.ca/PCX/20039684_EA/en/1/20039684_en_front_800.png", "category_path": null, "availability": "in_stock", "query_category": "2% milk", "raw_source": {"type": "next-data", "data": {"index": 6, "promotions": [], "productId": "20039684_EA", "productImage": [{"imageUrl": "https://digital.loblaws.ca/PCX/20039684_EA/en/1/20039684_en_front_1200.png", "thumbnailUrl": "https://digital.loblaws.ca/PCX/20039684_EA/en/1/20039684_en_front_120.png", "smallUrl": "https://digital.loblaws.ca/PCX/20039684_EA/en/1/20039684_en_front_250.png", "mediumUrl": "https://digital.loblaws.ca/PCX/20039684_EA/en/1/20039684_en_front_400.png", "largeUrl": "https://digital.loblaws.ca/PCX/20039684_EA/en/1/20039684_en_front_800.png", "extraLargeUrl": "https://digital.loblaws.ca/PCX/20039684_EA/en/1/20039684_en_front_1200.png", "smallRetinaUrl": "https://digital.loblaws.ca/PCX/20039684_EA/en/1/20039684_en_front_250.png", "mediumRetinaUrl": "https://digital.loblaws.ca/PCX/20039684_EA/en/1/20039684_en_front_400.png", "largeRetinaUrl": "https://digital.loblaws.ca/PCX/20039684_EA/en/1/20039684_en_front_800.png"}], "brand": "Neilson", "title": "2% Lactose Free Milk", "description": "Neilson TruTaste Lactose Free milk is easier to digest for those of you who suffer from lactose intolerance. It’s a fresh and delicious option that provides the calcium, protein, vitamins A and D that your body needs without sacrificing great taste. Taste wholesome goodness and savour the TruTaste difference!Neilson Trutaste, voted #1 Most Trusted Milk Brand by Brandspark.", "packageSizing": "4 l, $0.27/100ml", "pricing": {"price": "10.99", "wasPrice": null, "displayPrice": "$10.99", "memberOnlyPrice": null, "mopDisplayPrice": null, "ehfTotal": null, "environmentalHandlingFee": null, "taxInfo": ""}, "pricingUnits": {"type": "SOLD_BY_EACH", "unit": "ea", "interval": 1, "minOrderQuantity": 1, "maxOrderQuantity": 24, "weighted": false}, "deal": null, "mopDeal": null, "pcoDeal": null, "inventoryIndicator": null, "offerType": "OG", "offerId": "OG", "action": null, "isVariant": false, "link": "/en/2-lactose-free-milk/p/20039684_EA", "productVendor": null, "productVariant": null, "textBadge": "", "variantTheme": null, "articleNumber": "20039684", "uom": "EA", "sponsoredCreative": {"adGroupId": "23fe5228-60f6-4ce2-8960-e1cb33c1dc03", "campaignId": "29417d32-f885-4466-bc4b-f97b369e3a7c", "placementId": "fdf076c0-aef1-4f4f-8a4b-c9c88ec1f7bb", "encryptedCost": "VO+tXFPrTpQJi7SMEAEsPv6RPSLSysuzdBjvLJci0QM=", "creativeId": "10db62e8-bac9-42fc-91dc-755d241d909d", "servingId": "e2cfcc49-5bc7-4b55-b62f-dcc2217246f7", "keyword": "2% milk", "targetedKeyword": "milk", "matchType": "PHRASE_MATCH", "targetPageType": "SRP"}, "isSponsored": true, "isComplementarySponsored": false, "complementarySponsoredBadgeText": null, "productBadge": {"badgeId": "SPONSORED", "badgeClass": null, "text": "Sponsored", "icon": null}}}}
{"store": "Real Canadian Superstore", "site_slug": "realcanadiansuperstore", "source_url": "/search?search-bar=2% milk&page=1", "scrape_ts": "2026-01-02T05:23:53.441383Z", "external_id": "20149754_EA", "name": "2% Milk", "brand": "Neilson", "size_text": "1 l, $0.36/100ml", "price": 3.58, "currency": "CAD", "unit_price": 0.36, "unit_price_uom": "100ml", "image_url": "https://digital.loblaws.ca/PCX/20149754_EA/en/1/20149754_en_front_800.png", "category_path": null, "availability": "in_stock", "query_category": "2% milk", "raw_source": {"type": "next-data", "data": {"index": 7, "promotions": [], "productId": "20149754_EA", "productImage": [{"imageUrl": "https://digital.loblaws.ca/PCX/20149754_EA/en/1/20149754_en_front_1200.png", "thumbnailUrl": "https://digital.loblaws.ca/PCX/20149754_EA/en/1/20149754_en_front_120.png", "smallUrl": "https://digital.loblaws.ca/PCX/20149754_EA/en/1/20149754_en_front_250.png", "mediumUrl": "https://digital.loblaws.ca/PCX/20149754_EA/en/1/20149754_en_front_400.png", "largeUrl": "https://digital.loblaws.ca/PCX/20149754_EA/en/1/20149754_en_front_800.png", "extraLargeUrl": "https://digital.loblaws.ca/PCX/20149754_EA/en/1/20149754_en_front_1200.png", "smallRetinaUrl": "https://digital.loblaws.ca/PCX/20149754_EA/en/1/20149754_en_front_250.png", "mediumRetinaUrl": "https://digital.loblaws.ca/PCX/20149754_EA/en/1/20149754_en_front_400.png", "largeRetinaUrl": "https://digital.loblaws.ca/PCX/20149754_EA/en/1/20149754_en_front_800.png"}], "brand": "Neilson", "title": "2% Milk", "description": "Fresh, wholesome milk… naturally from Neilson.Since 1893, Neilson has stood for high quality dairy products. Neilson has always been committed to using the best ingredients, people and processes to produce great tasting quality milk you can depend on. Always fresh, always delicious and always an excellent source of calcium, protein and vitamin D.", "packageSizing": "1 l, $0.36/100ml", "pricing": {"price": "3.58", "wasPrice": null, "displayPrice": "$3.58", "memberOnlyPrice": null, "mopDisplayPrice": null, "ehfTotal": null, "environmentalHandlingFee": null, "taxInfo": ""}, "pricingUnits": {"type": "SOLD_BY_EACH", "unit": "ea", "interval": 1, "minOrderQuantity": 1, "maxOrderQuantity": 24, "weighted": false}, "deal": null, "mopDeal": null, "pcoDeal": null, "inventoryIndicator": null, "offerType": "OG", "offerId": "OG", "action": null, "isVariant": false, "link": "/en/2-milk/p/20149754_EA", "productVendor": null, "productVariant": null, "textBadge": "", "variantTheme": null, "articleNumber": "20149754", "uom": "EA", "sponsoredCreative": null, "isSponsored": false, "isComplementarySponsored": false, "complementarySponsoredBadgeText": null, "productBadge": {"badgeId": "PREPARED_IN_CANADA", "badgeClass": "badge11", "text": "Prepared in Canada", "icon": {"url": "https://dis-prod.assetful.loblaw.ca/content/dam/loblaw-companies-limited/creative-assets/pc-optimum/global-list/maple-leaf-red.png", "altText": "", "placement": "LEFT"}}}}}
{"store": "Real Canadian Superstore", "site_slug": "realcanadiansuperstore", "source_url": "/search?search-bar=2% milk&page=1", "scrape_ts": "2026-01-02T05:23:53.441383Z", "external_id": "21163394_EA", "name": "2% Ultrafiltered Partly Skimmed Milk", "brand": "Neilson", "size_text": "1 l, $0.40/100ml", "price": 4.0, "currency": "CAD", "unit_price": 0.4, "unit_price_uom": "100ml", "image_url": "https://digital.loblaws.ca/PCX/21163394_EA/en/1/21163394_en_front_v2_800.png", "category_path": null, "availability": "in_stock", "query_category": "2% milk", "raw_source": {"type": "next-data", "data": {"index": 8, "promotions": [], "productId": "21163394_EA", "productImage": [{"imageUrl": "https://digital.loblaws.ca/PCX/21163394_EA/en/1/21163394_en_front_v2_1200.png", "thumbnailUrl": "https://digital.loblaws.ca/PCX/21163394_EA/en/1/21163394_en_front_v2_120.png", "smallUrl": "https://digital.loblaws.ca/PCX/21163394_EA/en/1/21163394_en_front_v2_250.png", "mediumUrl": "https://digital.loblaws.ca/PCX/21163394_EA/en/1/21163394_en_front_v2_400.png", "largeUrl": "https://digital.loblaws.ca/PCX/21163394_EA/en/1/21163394_en_front_v2_800.png", "extraLargeUrl": "https://digital.loblaws.ca/PCX/21163394_EA/en/1/21163394_en_front_v2_1200.png", "smallRetinaUrl": "https://digital.loblaws.ca/PCX/21163394_EA/en/1/21163394_en_front_v2_250.png", "mediumRetinaUrl": "https://digital.loblaws.ca/PCX/21163394_EA/en/1/21163394_en_front_v2_400.png", "largeRetinaUrl": "https://digital.loblaws.ca/PCX/21163394_EA/en/1/21163394_en_front_v2_800.png"}], "brand": "Neilson", "title": "2% Ultrafiltered Partly Skimmed Milk", "description": "<p>Neilson. Part of your family since 1893.Neilson Ultrafiltered Partly Skimmed Milk offers a smooth, balanced taste with the power of 18 grams of protein from milk in every 250 mL serving. Made from 100% Canadian milk, it’s crafted using a fine filtration process that concentrates natural protein and reduces lactose. The result is a creamy, satisfying drink enriched with milk protein concentrate and no added sugar.</p>", "packageSizing": "1 l, $0.40/100ml", "pricing": {"price": "4.00", "wasPrice": "$4.83", "displayPrice": "$4.00", "memberOnlyPrice": null, "mopDisplayPrice": null, "ehfTotal": null, "environmentalHandlingFee": null, "taxInfo": ""}, "pricingUnits": {"type": "SOLD_BY_EACH", "unit": "ea", "interval": 1, "minOrderQuantity": 1, "maxOrderQuantity": 24, "weighted": false}, "deal": {"type": "SALE", "text": "SAVE $0.83", "points": 0, "name": "SALE", "expiryDate": "2026-01-07T00:00:00Z", "dealPrice": null}, "mopDeal": null, "pcoDeal": null, "inventoryIndicator": null, "offerType": "OG", "offerId": "OG", "action": null, "isVariant": false, "link": "/en/2-ultrafiltered-partly-skimmed-milk/p/21163394_EA", "productVendor": null, "productVariant": null, "textBadge": "", "variantTheme": null, "articleNumber": "21163394", "uom": "EA", "sponsoredCreative": {"adGroupId": "4219728c-f2a1-4f5f-9dfa-0a53d87c84a4", "campaignId": "29417d32-f885-4466-bc4b-f97b369e3a7c", "placementId": "fdf076c0-aef1-4f4f-8a4b-c9c88ec1f7bb", "encryptedCost": "E3Q5pNU9LvEBhMf6Gfv5YkVONYc/DZL9bTu8NdHx41Q=", "creativeId": "d0731f39-6402-4f02-9c30-55647eb98635", "servingId": "e2cfcc49-5bc7-4b55-b62f-dcc2217246f7", "keyword": "2% milk", "targetedKeyword": "milk", "matchType": "PHRASE_MATCH", "targetPageType": "SRP"}, "isSponsored": true, "isComplementarySponsored": false, "complementarySponsoredBadgeText": null, "productBadge": {"badgeId": "SPONSORED", "badgeClass": null, "text": "Sponsored", "icon": null}}}}
{"store": "Real Canadian Superstore", "site_slug": "realcanadiansuperstore", "source_url": "/search?search-bar=2% milk&page=1", "scrape_ts": "2026-01-02T05:23:53.441383Z", "external_id": "21128369_EA", "name": "Milk 2% M.F", "brand": "Fairlife", "size_text": "1.5 l, $0.50/100ml", "price": 7.49, "currency": "CAD", "unit_price": 0.5, "unit_price_uom": "100ml", "image_url": "https://digital.loblaws.ca/PCX/21128369_EA/en/1/21128369_en_front_v3_800.png", "category_path": null, "availability": "in_stock", "query_category": "2% milk", "raw_source": {"type": "next-data", "data": {"index": 9, "promotions": [], "productId": "21128369_EA", "productImage": [{"imageUrl": "https://digital.loblaws.ca/PCX/21128369_EA/en/1/21128369_en_front_v3_1200.png", "thumbnailUrl": "https://digital.loblaws.ca/PCX/21128369_EA/en/1/21128369_en_front_v3_120.png", "smallUrl": "https://digital.loblaws.ca/PCX/21128369_EA/en/1/21128369_en_front_v3_250.png", "mediumUrl": "https://digital.loblaws.ca/PCX/21128369_EA/en/1/21128369_en_front_v3_400.png", "largeUrl": "https://digital.loblaws.ca/PCX/21128369_EA/en/1/21128369_en_front_v3_800.png", "extraLargeUrl": "https://digital.loblaws.ca/PCX/21128369_EA/en/1/21128369_en_front_v3_1200.png", "smallRetinaUrl": "https://digital.loblaws.ca/PCX/21128369_EA/en/1/21128369_en_front_v3_250.png", "mediumRetinaUrl": "https://digital.loblaws.ca/PCX/21128369_EA/en/1/21128369_en_front_v3_400.png", "largeRetinaUrl": "https://digital.loblaws.ca/PCX/21128369_EA/en/1/21128369_en_front_v3_800.png"}], "brand": "Fairlife", "title": "Milk 2% M.F", "description": "<p>We are driven by a simple belief: we can always make the world better. Proper nourishment allows us all to grow and thrive. All our milk flows through soft filters to concentrate protein while filtering out half of the natural sugars. Our delicious fairlife ultra-filtered milk has 50% less sugar and 50% more protein than regular chocolate milk. Plus, there are no artificial growth hormones used and it's lactose-free. So sip, drink, and chug as you enjoy our delicious ultra-filtered milk, eh?</p><ul><li>Made with 100% quality Canadian milk</li><li>50% less sugar and 50% more protein than regular chocolate milk</li><li>Delicious, satisfying, and lactose-free</li><li>No artificial growth hormones used</li></ul>", "packageSizing": "1.5 l, $0.50/100ml", "pricing": {"price": "7.49", "wasPrice": null, "displayPrice": "$7.49", "memberOnlyPrice": null, "mopDisplayPrice": null, "ehfTotal": null, "environmentalHandlingFee": null, "taxInfo": ""}, "pricingUnits": {"type": "SOLD_BY_EACH", "unit": "ea", "interval": 1, "minOrderQuantity": 1, "maxOrderQuantity": 24, "weighted": false}, "deal": null, "mopDeal": null, "pcoDeal": null, "inventoryIndicator": null, "offerType": "OG", "offerId": "OG", "action": null, "isVariant": false, "link": "/en/milk-2-m-f/p/21128369_EA", "productVendor": null, "productVariant": null, "textBadge": "", "variantTheme": null, "articleNumber": "21128369", "uom": "EA", "sponsoredCreative": null, "isSponsored": false, "isComplementarySponsored": false, "complementarySponsoredBadgeText": null, "productBadge": {"badgeId": "PREPARED_IN_CANADA", "badgeClass": "badge11", "text": "Prepared in Canada", "icon": {"url": "https://dis-prod.assetful.loblaw.ca/content/dam/loblaw-companies-limited/creative-assets/pc-optimum/global-list/maple-leaf-red.png", "altText": "", "placement": "LEFT"}}}}}
{"store": "Real Canadian Superstore", "site_slug": "realcanadiansuperstore", "source_url": "/search?search-bar=2% milk&page=1", "scrape_ts": "2026-01-02T05:23:53.441383Z", "external_id": "20128847003_EA", "name": "2% Organic Milk", "brand": "Neilson", "size_text": "2 l, $0.38/100ml", "price": 7.69, "currency": "CAD", "unit_price": 0.38, "unit_price_uom": "100ml", "image_url": "https://digital.loblaws.ca/PCX/20128847003_EA/en/1/20128847003_en_front_800.png", "category_path": null, "availability": "in_stock", "query_category": "2% milk", "raw_source": {"type": "next-data", "data": {"index": 10, "promotions": [], "productId": "20128847003_EA", "productImage": [{"imageUrl": "https://digital.loblaws.ca/PCX/20128847003_EA/en/1/20128847003_en_front_1200.png", "thumbnailUrl": "https://digital.loblaws.ca/PCX/20128847003_EA/en/1/20128847003_en_front_120.png", "smallUrl": "https://digital.loblaws.ca/PCX/20128847003_EA/en/1/20128847003_en_front_250.png", "mediumUrl": "https://digital.loblaws.ca/PCX/20128847003_EA/en/1/20128847003_en_front_400.png", "largeUrl": "https://digital.loblaws.ca/PCX/20128847003_EA/en/1/20128847003_en_front_800.png", "extraLargeUrl": "https://digital.loblaws.ca/PCX/20128847003_EA/en/1/20128847003_en_front_1200.png", "smallRetinaUrl": "https://digital.loblaws.ca/PCX/20128847003_EA/en/1/20128847003_en_front_250.png", "mediumRetinaUrl": "https://digital.loblaws.ca/PCX/20128847003_EA/en/1/20128847003_en_front_400.png", "largeRetinaUrl": "https://digital.loblaws.ca/PCX/20128847003_EA/en/1/20128847003_en_front_800.png"}], "brand": "Neilson", "title": "2% Organic Milk", "description": "Fresh, wholesome organic milk… naturally from Neilson.Neilson’s organic milk comes from certified farms that follow organic principles. It’s nutritious and great tasting – a healthy choice that you and your family will love. Whether it's for your morning cereal, your cooking recipes, or simply a refreshing glass, Neilson organic milk is the perfect choice. ", "packageSizing": "2 l, $0.38/100ml", "pricing": {"price": "7.69", "wasPrice": null, "displayPrice": "$7.69", "memberOnlyPrice": null, "mopDisplayPrice": null, "ehfTotal": null, "environmentalHandlingFee": null, "taxInfo": ""}, "pricingUnits": {"type": "SOLD_BY_EACH", "unit": "ea", "interval": 1, "minOrderQuantity": 1, "maxOrderQuantity": 24, "weighted": false}, "deal": null, "mopDeal": null, "pcoDeal": null, "inventoryIndicator": null, "offerType": "OG", "offerId": "OG", "action": null, "isVariant": false, "link": "/en/2-organic-milk/p/20128847003_EA", "productVendor": null, "productVariant": null, "textBadge": "", "variantTheme": null, "articleNumber": "20128847003", "uom": "EA", "sponsoredCreative": {"adGroupId": "cfa7c014-bfb4-40f1-be93-af9d5676cd82", "campaignId": "29417d32-f885-4466-bc4b-f97b369e3a7c", "placementId": "fdf076c0-aef1-4f4f-8a4b-c9c88ec1f7bb", "encryptedCost": "qeJQYihI986tQ+guEhK5SIMuEOBtnRmls912VHxekPQ=", "creativeId": "6de9966e-4523-4cb4-bd23-a04057872fb3", "servingId": "e2cfcc49-5bc7-4b55-b62f-dcc2217246f7", "keyword": "2% milk", "targetedKeyword": "milk", "matchType": "PHRASE_MATCH", "targetPageType": "SRP"}, "isSponsored": true, "isComplementarySponsored": false, "complementarySponsoredBadgeText": null, "productBadge": {"badgeId": "SPONSORED", "badgeClass": null, "text": "Sponsored", "icon": null}}}}
{"store": "Real Canadian Superstore", "site_slug": "realcanadiansuperstore", "source_url": "/search?search-bar=2% milk&page=1", "scrape_ts": "2026-01-02T05:23:53.441383Z", "external_id": "20181392_EA", "name": "2% Microfiltered Milk", "brand": "Neilson", "size_text": "1 l, $0.37/100ml", "price": 3.68, "currency": "CAD", "unit_price": 0.37, "unit_price_uom": "100ml", "image_url": "https://digital.loblaws.ca/PCX/20181392_EA/en/1/20181392_en_front_v2_800.png", "category_path": null, "availability": "in_stock", "query_category": "2% milk", "raw_source": {"type": "next-data", "data": {"index": 11, "promotions": [], "productId": "20181392_EA", "productImage": [{"imageUrl": "https://digital.loblaws.ca/PCX/20181392_EA/en/1/20181392_en_front_v2_1200.png", "thumbnailUrl": "https://digital.loblaws.ca/PCX/20181392_EA/en/1/20181392_en_front_v2_120.png", "smallUrl": "https://digital.loblaws.ca/PCX/20181392_EA/en/1/20181392_en_front_v2_250.png", "mediumUrl": "https://digital.loblaws.ca/PCX/20181392_EA/en/1/20181392_en_front_v2_400.png", "largeUrl": "https://digital.loblaws.ca/PCX/20181392_EA/en/1/20181392_en_front_v2_800.png", "extraLargeUrl": "https://digital.loblaws.ca/PCX/20181392_EA/en/1/20181392_en_front_v2_1200.png", "smallRetinaUrl": "https://digital.loblaws.ca/PCX/20181392_EA/en/1/20181392_en_front_v2_250.png", "mediumRetinaUrl": "https://digital.loblaws.ca/PCX/20181392_EA/en/1/20181392_en_front_v2_400.png", "largeRetinaUrl": "https://digital.loblaws.ca/PCX/20181392_EA/en/1/20181392_en_front_v2_800.png"}], "brand": "Neilson", "title": "2% Microfiltered Milk", "description": "Fresh, wholesome milk… naturally from Neilson.Since 1893, Neilson has stood for high quality dairy products. Neilson has always been committed to using the best ingredients, people and processes to produce great tasting quality milk you can depend on. Always fresh, always delicious and always an excellent source of calcium, protein and vitamin D.", "packageSizing": "1 l, $0.37/100ml", "pricing": {"price": "3.68", "wasPrice": null, "displayPrice": "$3.68", "memberOnlyPrice": null, "mopDisplayPrice": null, "ehfTotal": null, "environmentalHandlingFee": null, "taxInfo": ""}, "pricingUnits": {"type": "SOLD_BY_EACH", "unit": "ea", "interval": 1, "minOrderQuantity": 1, "maxOrderQuantity": 24, "weighted": false}, "deal": null, "mopDeal": null, "pcoDeal": null, "inventoryIndicator": null, "offerType": "OG", "offerId": "OG", "action": null, "isVariant": false, "link": "/en/2-microfiltered-milk/p/20181392_EA", "productVendor": null, "productVariant": null, "textBadge": "", "variantTheme": null, "articleNumber": "20181392", "uom": "EA", "sponsoredCreative": null, "isSponsored": false, "isComplementarySponsored": false, "complementarySponsoredBadgeText": null, "productBadge": {"badgeId": "PREPARED_IN_CANADA", "badgeClass": "badge11", "text": "Prepared in Canada", "icon": {"url": "https://dis-prod.assetful.loblaw.ca/content/dam/loblaw-companies-limited/creative-assets/pc-optimum/global-list/maple-leaf-red.png", "altText": "", "placement": "LEFT"}}}}}
{"store": "Real Canadian Superstore", "site_slug": "realcanadiansuperstore", "source_url": "/search?search-bar=2% milk&page=1", "scrape_ts": "2026-01-02T05:23:53.441383Z", "external_id": "21431178_EA", "name": "SWISS CLASSIC Gold Milk Chocolate Bar", "brand": "Lindt", "size_text": "300 g, $4.17/100g", "price": 12.5, "currency": "CAD", "unit_price": 4.17, "unit_price_uom": "100g", "image_url": "https://digital.loblaws.ca/PCX/21431178_EA/en/1/21431178_enfr_front_800.png", "category_path": null, "availability": "in_stock", "query_category": "2% milk", "raw_source": {"type": "next-data", "data": {"index": 12, "promotions": [], "productId": "21431178_EA", "productImage": [{"imageUrl": "https://digital.loblaws.ca/PCX/21431178_EA/en/1/21431178_enfr_front_1200.png", "thumbnailUrl": "https://digital.loblaws.ca/PCX/21431178_EA/en/1/21431178_enfr_front_120.png", "smallUrl": "https://digital.loblaws.ca/PCX/21431178_EA/en/1/21431178_enfr_front_250.png", "mediumUrl": "https://digital.loblaws.ca/PCX/21431178_EA/en/1/21431178_enfr_front_400.png", "largeUrl": "https://digital.loblaws.ca/PCX/21431178_EA/en/1/21431178_enfr_front_800.png", "extraLargeUrl": "https://digital.loblaws.ca/PCX/21431178_EA/en/1/21431178_enfr_front_1200.png", "smallRetinaUrl": "https://digital.loblaws.ca/PCX/21431178_EA/en/1/21431178_enfr_front_250.png", "mediumRetinaUrl": "https://digital.loblaws.ca/PCX/21431178_EA/en/1/21431178_enfr_front_400.png", "largeRetinaUrl": "https://digital.loblaws.ca/PCX/21431178_EA/en/1/21431178_enfr_front_800.png"}], "brand": "Lindt", "title": "SWISS CLASSIC Gold Milk Chocolate Bar", "description": "<p>Indulge in delicious Lindt milk chocolate with the Lindt SWISS CLASSIC GOLD Milk Chocolate Bar. This gourmet Swiss chocolate bar offers rich, creamy flavour with just a hint of caramel. Packaged in an elegant gold wrapper, this large chocolate bar, which offers three times more chocolate to savour compared to a regular Lindt bar, makes a perfect gift or a delicious addition to your baking. Since 1845, Lindt Maître Chocolatiers have brought passion and pride to producing gourmet Swiss chocolate. Premium chocolate begins with premium ingredients, and Lindt is one of the only large-scale chocolate makers in the world to oversee every step in its chocolate-making process. Through its innovative farming program, Lindt can trace every cacao bean used back to its farm of origin, ensuring that only the finest ingredients are used, and guaranteeing extraordinary chocolate flavour in every bite. Make sure to store all Lindt chocolate in a cool, dry place to ensure quality.</p><li>Package contains one 300g milk chocolate bar</li><li>From superior cacao beans to exquisite chocolate, Lindt meticulously controls every step in its chocolate-making process</li><li>Each of Lindt’s delicious flavour combinations are crafted with only the finest quality ingredients</li><li>This gourmet chocolate bar in an elegant gold wrapper is perfect for sharing, gift giving, and baking</li><li>To ensure quality, always store Lindt chocolate in a cool, dry place</li>", "packageSizing": "300 g, $4.17/100g", "pricing": {"price": "12.50", "wasPrice": null, "displayPrice": "$12.50", "memberOnlyPrice": null, "mopDisplayPrice": null, "ehfTotal": null, "environmentalHandlingFee": null, "taxInfo": "Plus Tax"}, "pricingUnits": {"type": "SOLD_BY_EACH", "unit": "ea", "interval": 1, "minOrderQuantity": 1, "maxOrderQuantity": 25, "weighted": false}, "deal": null, "mopDeal": null, "pcoDeal": null, "inventoryIndicator": null, "offerType": "OG", "offerId": "OG", "action": null, "isVariant": false, "link": "/en/swiss-classic-gold-milk-chocolate-bar/p/21431178_EA", "productVendor": null, "productVariant": null, "textBadge": "", "variantTheme": null, "articleNumber": "21431178", "uom": "EA", "sponsoredCreative": {"adGroupId": "95a3daf9-bd5f-48c7-90fb-2427b7ca6b8b", "campaignId": "f9996052-29c0-446e-baa2-e327f4985fc0", "placementId": "fdf076c0-aef1-4f4f-8a4b-c9c88ec1f7bb", "encryptedCost": "zZFy511AoC/NHZtYCZQa7C0QeIS1wr92n4xIGxo40DQ=", "creativeId": "3abb9189-830e-4b66-b2ae-60b674c3b789", "servingId": "e2cfcc49-5bc7-4b55-b62f-dcc2217246f7", "keyword": "2% milk", "targetedKeyword": "milk", "matchType": "PHRASE_MATCH", "targetPageType": "SRP"}, "isSponsored": true, "isComplementarySponsored": true, "complementarySponsoredBadgeText": "You might like", "productBadge": {"badgeId": "SPONSORED", "badgeClass": null, "text": "Sponsored", "icon": null}}}}
{"store": "Real Canadian Superstore", "site_slug": "realcanadiansuperstore", "source_url": "/search?search-bar=2% milk&page=1", "scrape_ts": "2026-01-02T05:23:53.441383Z", "external_id": "21694605_EA", "name": "Ultrapur Protein Ultra-Filtered Milk 2%", "brand": "Lactantia", "size_text": "1.5 l, $0.43/100ml", "price": 6.49, "currency": "CAD", "unit_price": 0.43, "unit_price_uom": "100ml", "image_url": "https://digital.loblaws.ca/PCX/21694605_EA/en/1/21694605_en_front_v1_800.png", "category_path": null, "availability": "in_stock", "query_category": "2% milk", "raw_source": {"type": "next-data", "data": {"index": 13, "promotions": [], "productId": "21694605_EA", "productImage": [{"imageUrl": "https://digital.loblaws.ca/PCX/21694605_EA/en/1/21694605_en_front_v1_1200.png", "thumbnailUrl": "https://digital.loblaws.ca/PCX/21694605_EA/en/1/21694605_en_front_v1_120.png", "smallUrl": "https://digital.loblaws.ca/PCX/21694605_EA/en/1/21694605_en_front_v1_250.png", "mediumUrl": "https://digital.loblaws.ca/PCX/21694605_EA/en/1/21694605_en_front_v1_400.png", "largeUrl": "https://digital.loblaws.ca/PCX/21694605_EA/en/1/21694605_en_front_v1_800.png", "extraLargeUrl": "https://digital.loblaws.ca/PCX/21694605_EA/en/1/21694605_en_front_v1_1200.png", "smallRetinaUrl": "https://digital.loblaws.ca/PCX/21694605_EA/en/1/21694605_en_front_v1_250.png", "mediumRetinaUrl": "https://digital.loblaws.ca/PCX/21694605_EA/en/1/21694605_en_front_v1_400.png", "largeRetinaUrl": "https://digital.loblaws.ca/PCX/21694605_EA/en/1/21694605_en_front_v1_800.png"}], "brand": "Lactantia", "title": "Ultrapur Protein Ultra-Filtered Milk 2%", "description": "<p>Get more of what you want with Lactantia UltraPur Ultrafiltered Milk. Unlike regular milk, this partly skimmed high protein milk is also ideal for those who require lactose free milk. Sourced from Canadian dairies, every drop of this 2% high-protein milk is carefully filtered to provide a smooth, pure taste that stays fresh longer without preservatives. Source of 10 essential nutrients and no sugar added, this milk is a nutritious and delicious choice for the whole family. A delightful, refreshing choice on its own, with cereal, or in blended coffee drinks. Rediscover the power of farm-fresh flavour with ultrafiltered milk. Lactantia, for Milk Connoisseurs!</p><ul><li>Made with ultrafiltered milk that stays fresh longer without preservatives</li><li>100% Canadian milk from Canadian dairies</li><li>20g of protein per serving</li><li>Lactose free</li><li>2% M.F.</li><li>Source of 10 essential nutrients</li><li>No added sugar</li><li>1.5 L</li></ul>", "packageSizing": "1.5 l, $0.43/100ml", "pricing": {"price": "6.49", "wasPrice": null, "displayPrice": "$6.49", "memberOnlyPrice": null, "mopDisplayPrice": null, "ehfTotal": null, "environmentalHandlingFee": null, "taxInfo": ""}, "pricingUnits": {"type": "SOLD_BY_EACH", "unit": "ea", "interval": 1, "minOrderQuantity": 1, "maxOrderQuantity": 25, "weighted": false}, "deal": null, "mopDeal": null, "pcoDeal": null, "inventoryIndicator": null, "offerType": "OG", "offerId": "OG", "action": null, "isVariant": false, "link": "/en/ultrapur-protein-ultra-filtered-milk-2/p/21694605_EA", "productVendor": null, "productVariant": null, "textBadge": "", "variantTheme": null, "articleNumber": "21694605", "uom": "EA", "sponsoredCreative": null, "isSponsored": false, "isComplementarySponsored": false, "complementarySponsoredBadgeText": null, "productBadge": null}}}
{"store": "Real Canadian Superstore", "site_slug": "realcanadiansuperstore", "source_url": "/search?search-bar=2% milk&page=1", "scrape_ts": "2026-01-02T05:23:53.441383Z", "external_id": "20296856002_EA", "name": "SWISS CLASSIC Hazelnut Milk Chocolate Bar", "brand": "Lindt", "size_text": "100 g, $4.99/100g", "price": 4.99, "currency": "CAD", "unit_price": 4.99, "unit_price_uom": "100g", "image_url": "https://digital.loblaws.ca/PCX/20296856002_EA/en/1/20296856002_en_front_v1_800.png", "category_path": null, "availability": "in_stock", "query_category": "2% milk", "raw_source": {"type": "next-data", "data": {"index": 14, "promotions": [{"type": "DEAL", "quantity": null, "savings": null, "value": null, "promoCode": "700014996120", "expiryDate": "2026-01-07T00:00:00Z", "title": null, "promoType": null, "pricingMethod": "3", "text": "PC Optimum Points", "reward": "$_FIXED", "callToAction": {"text": "Shop Offer", "url": "/shop-by-promo/700014996120"}}], "productId": "20296856002_EA", "productImage": [{"imageUrl": "https://digital.loblaws.ca/PCX/20296856002_EA/en/1/20296856002_en_front_v1_1200.png", "thumbnailUrl": "https://digital.loblaws.ca/PCX/20296856002_EA/en/1/20296856002_en_front_v1_120.png", "smallUrl": "https://digital.loblaws.ca/PCX/20296856002_EA/en/1/20296856002_en_front_v1_250.png", "mediumUrl": "https://digital.loblaws.ca/PCX/20296856002_EA/en/1/20296856002_en_front_v1_400.png", "largeUrl": "https://digital.loblaws.ca/PCX/20296856002_EA/en/1/20296856002_en_front_v1_800.png", "extraLargeUrl": "https://digital.loblaws.ca/PCX/20296856002_EA/en/1/20296856002_en_front_v1_1200.png", "smallRetinaUrl": "https://digital.loblaws.ca/PCX/20296856002_EA/en/1/20296856002_en_front_v1_250.png", "mediumRetinaUrl": "https://digital.loblaws.ca/PCX/20296856002_EA/en/1/20296856002_en_front_v1_400.png", "largeRetinaUrl": "https://digital.loblaws.ca/PCX/20296856002_EA/en/1/20296856002_en_front_v1_800.png"}], "brand": "Lindt", "title": "SWISS CLASSIC Hazelnut Milk Chocolate Bar", "description": "<p>Indulge in decadent Lindt milk chocolate with the perfect texture with the Lindt SWISS CLASSIC Hazelnut Milk Chocolate Bar. This elegant milk chocolate bar is a perfect combination creamy milk chocolate and whole hazelnuts, roasted to nutty, crunchy perfection. With the glossy finish and smooth texture of perfectly tempered chocolate, every Lindt confection offers a unique, full sensory chocolate experience. Since 1845, Lindt Maître Chocolatiers have brought passion and pride to producing gourmet Swiss chocolate. Premium chocolate begins with premium ingredients, and Lindt is one of the only large-scale chocolate makers in the world to oversee every step in its chocolate-making process. Through its innovative farming program, Lindt can trace every cacao bean used back to its farm of origin, ensuring that only the finest ingredients are used, and guaranteeing extraordinary chocolate flavour in every bite. Store all Lindt chocolate in a cool, dry place to ensure quality.</p><li>Package contains one 100g milk chocolate bar with whole roasted hazelnuts</li><li>From superior cacao beans to exquisite chocolate, Lindt meticulously controls every step in its chocolate-making process</li><li>Each of Lindt’s delicious flavour combinations are crafted with only the finest quality ingredients</li><li>This gourmet chocolate bar is perfect savoured on its own or paired with your favourite beverage</li><li>To ensure quality, always store Lindt chocolate in a cool, dry place</li>", "packageSizing": "100 g, $4.99/100g", "pricing": {"price": "4.99", "wasPrice": null, "displayPrice": "$4.99", "memberOnlyPrice": null, "mopDisplayPrice": null, "ehfTotal": null, "environmentalHandlingFee": null, "taxInfo": "Plus Tax"}, "pricingUnits": {"type": "SOLD_BY_EACH", "unit": "ea", "interval": 1, "minOrderQuantity": 1, "maxOrderQuantity": 24, "weighted": false}, "deal": {"type": "MULTI", "text": "$3.33 MIN 3", "points": 0, "name": "MULTI", "expiryDate": "2026-01-07T00:00:00Z", "dealPrice": null}, "mopDeal": null, "pcoDeal": null, "inventoryIndicator": null, "offerType": "OG", "offerId": "OG", "action": null, "isVariant": false, "link": "/en/swiss-classic-hazelnut-milk-chocolate-bar/p/20296856002_EA", "productVendor": null, "productVariant": null, "textBadge": "", "variantTheme": null, "articleNumber": "20296856002", "uom": "EA", "sponsoredCreative": {"adGroupId": "95a3daf9-bd5f-48c7-90fb-2427b7ca6b8b", "campaignId": "f9996052-29c0-446e-baa2-e327f4985fc0", "placementId": "fdf076c0-aef1-4f4f-8a4b-c9c88ec1f7bb", "encryptedCost": "d3cT/87grCeyWqv2/dG4sqEFmZqjtoWlxhEBcpAJ3/8=", "creativeId": "b1239252-6f45-4b5d-8166-7e4adc63a95f", "servingId": "e2cfcc49-5bc7-4b55-b62f-dcc2217246f7", "keyword": "2% milk", "targetedKeyword": "milk", "matchType": "PHRASE_MATCH", "targetPageType": "SRP"}, "isSponsored": true, "isComplementarySponsored": true, "complementarySponsoredBadgeText": "You might like", "productBadge": {"badgeId": "SPONSORED", "badgeClass": null, "text": "Sponsored", "icon": null}}}}
{"store": "Real Canadian Superstore", "site_slug": "realcanadiansuperstore", "source_url": "/search?search-bar=2% milk&page=1", "scrape_ts": "2026-01-02T05:23:53.441383Z", "external_id": "20835553001_EA", "name": "Grass Fed 2% Milk", "brand": "Rolling Meadow", "size_text": "2 l, $0.31/100ml", "price": 6.29, "currency": "CAD", "unit_price": 0.31, "unit_price_uom": "100ml", "image_url": "https://digital.loblaws.ca/PCX/20835553001_EA/en/1/20835553001_en_front_v1_800.png", "category_path": null, "availability": "out_of_stock", "query_category": "2% milk", "raw_source": {"type": "next-data", "data": {"index": 15, "promotions": [], "productId": "20835553001_EA", "productImage": [{"imageUrl": "https://digital.loblaws.ca/PCX/20835553001_EA/en/1/20835553001_en_front_v1_1200.png", "thumbnailUrl": "https://digital.loblaws.ca/PCX/20835553001_EA/en/1/20835553001_en_front_v1_120.png", "smallUrl": "https://digital.loblaws.ca/PCX/20835553001_EA/en/1/20835553001_en_front_v1_250.png", "mediumUrl": "https://digital.loblaws.ca/PCX/20835553001_EA/en/1/20835553001_en_front_v1_400.png", "largeUrl": "https://digital.loblaws.ca/PCX/20835553001_EA/en/1/20835553001_en_front_v1_800.png", "extraLargeUrl": "https://digital.loblaws.ca/PCX/20835553001_EA/en/1/20835553001_en_front_v1_1200.png", "smallRetinaUrl": "https://digital.loblaws.ca/PCX/20835553001_EA/en/1/20835553001_en_front_v1_250.png", "mediumRetinaUrl": "https://digital.loblaws.ca/PCX/20835553001_EA/en/1/20835553001_en_front_v1_400.png", "largeRetinaUrl": "https://digital.loblaws.ca/PCX/20835553001_EA/en/1/20835553001_en_front_v1_800.png"}], "brand": "Rolling Meadow", "title": "Grass Fed 2% Milk", "description": "Rich in nutrients, milk has been a food staple for centuries. Used in cooking, baking or simply as a wholesome beverage, Milk is a great way to get calcium and protein into your diet. Whole milk contains at least 3.25% milk fat. When a portion of the milk’s fat is removed, it becomes partly skimmed milk, such as 2% milk and 1% milk, depending on the quantity removed. Skim milk is virtually fat-free, with only about 0.1% fat.", "packageSizing": "2 l, $0.31/100ml", "pricing": {"price": "6.29", "wasPrice": "$6.99", "displayPrice": "$6.29", "memberOnlyPrice": null, "mopDisplayPrice": null, "ehfTotal": null, "environmentalHandlingFee": null, "taxInfo": ""}, "pricingUnits": {"type": "SOLD_BY_EACH", "unit": "ea", "interval": 1, "minOrderQuantity": 1, "maxOrderQuantity": 24, "weighted": false}, "deal": {"type": "SALE", "text": "SAVE $0.70", "points": 0, "name": "SALE", "expiryDate": "2026-01-28T00:00:00Z", "dealPrice": null}, "mopDeal": null, "pcoDeal": null, "inventoryIndicator": {"indicatorId": "OUT", "text": "Out of Stock"}, "offerType": "OG", "offerId": "OG", "action": null, "isVariant": false, "link": "/en/grass-fed-2-milk/p/20835553001_EA", "productVendor": null, "productVariant": null, "textBadge": "out-of-stock", "variantTheme": null, "articleNumber": "20835553001", "uom": "EA", "sponsoredCreative": null, "isSponsored": false, "isComplementarySponsored": false, "complementarySponsoredBadgeText": null, "productBadge": {"badgeId": "PREPARED_IN_CANADA", "badgeClass": "badge11", "text": "Prepared in Canada", "icon": {"url": "https://dis-prod.assetful.loblaw.ca/content/dam/loblaw-companies-limited/creative-assets/pc-optimum/global-list/maple-leaf-red.png", "altText": "", "placement": "LEFT"}}}}}
{"store": "Real Canadian Superstore", "site_slug": "realcanadiansuperstore", "source_url": "/search?search-bar=2% milk&page=1", "scrape_ts": "2026-01-02T05:23:53.441383Z", "external_id": "21424991_EA", "name": "PūrFiltre Milk 2% Partly Skimmed", "brand": "Lactantia", "size_text": "2 l, $0.29/100ml", "price": 5.8, "currency": "CAD", "unit_price": 0.29, "unit_price_uom": "100ml", "image_url": "https://digital.loblaws.ca/PCX/21424991_EA/en/1/21424991_enfr_front_v1_800.png", "category_path": null, "availability": "in_stock", "query_category": "2% milk", "raw_source": {"type": "next-data", "data": {"index": 16, "promotions": [], "productId": "21424991_EA", "productImage": [{"imageUrl": "https://digital.loblaws.ca/PCX/21424991_EA/en/1/21424991_enfr_front_v1_1200.png", "thumbnailUrl": "https://digital.loblaws.ca/PCX/21424991_EA/en/1/21424991_enfr_front_v1_120.png", "smallUrl": "https://digital.loblaws.ca/PCX/21424991_EA/en/1/21424991_enfr_front_v1_250.png", "mediumUrl": "https://digital.loblaws.ca/PCX/21424991_EA/en/1/21424991_enfr_front_v1_400.png", "largeUrl": "https://digital.loblaws.ca/PCX/21424991_EA/en/1/21424991_enfr_front_v1_800.png", "extraLargeUrl": "https://digital.loblaws.ca/PCX/21424991_EA/en/1/21424991_enfr_front_v1_1200.png", "smallRetinaUrl": "https://digital.loblaws.ca/PCX/21424991_EA/en/1/21424991_enfr_front_v1_250.png", "mediumRetinaUrl": "https://digital.loblaws.ca/PCX/21424991_EA/en/1/21424991_enfr_front_v1_400.png", "largeRetinaUrl": "https://digital.loblaws.ca/PCX/21424991_EA/en/1/21424991_enfr_front_v1_800.png"}], "brand": "Lactantia", "title": "PūrFiltre Milk 2% Partly Skimmed", "description": null, "packageSizing": "2 l, $0.29/100ml", "pricing": {"price": "5.80", "wasPrice": null, "displayPrice": "$5.80", "memberOnlyPrice": null, "mopDisplayPrice": null, "ehfTotal": null, "environmentalHandlingFee": null, "taxInfo": ""}, "pricingUnits": {"type": "SOLD_BY_EACH", "unit": "ea", "interval": 1, "minOrderQuantity": 1, "maxOrderQuantity": 24, "weighted": false}, "deal": null, "mopDeal": null, "pcoDeal": null, "inventoryIndicator": null, "offerType": "OG", "offerId": "OG", "action": null, "isVariant": false, "link": "/en/p-rfiltre-milk-2-partly-skimmed/p/21424991_EA", "productVendor": null, "productVariant": null, "textBadge": "", "variantTheme": null, "articleNumber": "21424991", "uom": "EA", "sponsoredCreative": null, "isSponsored": false, "isComplementarySponsored": false, "complementarySponsoredBadgeText": null, "productBadge": {"badgeId": "PREPARED_IN_CANADA", "badgeClass": "badge11", "text": "Prepared in Canada", "icon": {"url": "https://dis-prod.assetful.loblaw.ca/content/dam/loblaw-companies-limited/creative-assets/pc-optimum/global-list/maple-leaf-red.png", "altText": "", "placement": "LEFT"}}}}}
{"store": "Real Canadian Superstore", "site_slug": "realcanadiansuperstore", "source_url": "/search?search-bar=2% milk&page=1", "scrape_ts": "2026-01-02T05:23:53.441383Z", "external_id": "20077874001_EA", "name": "Lactose Free 2% Dairy Product", "brand": "Natrel", "size_text": "2 l, $0.33/100ml", "price": 6.5, "currency": "CAD", "unit_price": 0.33, "unit_price_uom": "100ml", "image_url": "https://digital.loblaws.ca/PCX/20077874001_EA/en/1/20077874001_en_front_800.png", "category_path": null, "availability": "in_stock", "query_category": "2% milk", "raw_source": {"type": "next-data", "data": {"index": 17, "promotions": [], "productId": "20077874001_EA", "productImage": [{"imageUrl": "https://digital.loblaws.ca/PCX/20077874001_EA/en/1/20077874001_en_front_1200.png", "thumbnailUrl": "https://digital.loblaws.ca/PCX/20077874001_EA/en/1/20077874001_en_front_120.png", "smallUrl": "https://digital.loblaws.ca/PCX/20077874001_EA/en/1/20077874001_en_front_250.png", "mediumUrl": "https://digital.loblaws.ca/PCX/20077874001_EA/en/1/20077874001_en_front_400.png", "largeUrl": "https://digital.loblaws.ca/PCX/20077874001_EA/en/1/20077874001_en_front_800.png", "extraLargeUrl": "https://digital.loblaws.ca/PCX/20077874001_EA/en/1/20077874001_en_front_1200.png", "smallRetinaUrl": "https://digital.loblaws.ca/PCX/20077874001_EA/en/1/20077874001_en_front_250.png", "mediumRetinaUrl": "https://digital.loblaws.ca/PCX/20077874001_EA/en/1/20077874001_en_front_400.png", "largeRetinaUrl": "https://digital.loblaws.ca/PCX/20077874001_EA/en/1/20077874001_en_front_800.png"}], "brand": "Natrel", "title": "Lactose Free 2% Dairy Product", "description": "Through our unique process, we can preserve the deliciously pure taste of fresh milk in every glass of our products, while removing the lactose that can cause you discomfort. So you can once again benefit from an excellent source of calcium, vitamin D and protein, plus a source of vitamin A. That’s everything you need to maintain a well-balanced diet.", "packageSizing": "2 l, $0.33/100ml", "pricing": {"price": "6.50", "wasPrice": "$6.74", "displayPrice": "$6.50", "memberOnlyPrice": null, "mopDisplayPrice": null, "ehfTotal": null, "environmentalHandlingFee": null, "taxInfo": ""}, "pricingUnits": {"type": "SOLD_BY_EACH", "unit": "ea", "interval": 1, "minOrderQuantity": 1, "maxOrderQuantity": 24, "weighted": false}, "deal": {"type": "SALE", "text": "SAVE $0.24", "points": 0, "name": "SALE", "expiryDate": "2026-01-28T00:00:00Z", "dealPrice": null}, "mopDeal": null, "pcoDeal": null, "inventoryIndicator": null, "offerType": "OG", "offerId": "OG", "action": null, "isVariant": false, "link": "/en/lactose-free-2-dairy-product/p/20077874001_EA", "productVendor": null, "productVariant": null, "textBadge": "", "variantTheme": null, "articleNumber": "20077874001", "uom": "EA", "sponsoredCreative": null, "isSponsored": false, "isComplementarySponsored": false, "complementarySponsoredBadgeText": null, "productBadge": {"badgeId": "PREPARED_IN_CANADA", "badgeClass": "badge11", "text": "Prepared in Canada", "icon": {"url": "https://dis-prod.assetful.loblaw.ca/content/dam/loblaw-companies-limited/creative-assets/pc-optimum/global-list/maple-leaf-red.png", "altText": "", "placement": "LEFT"}}}}}
{"store": "Real Canadian Superstore", "site_slug": "realcanadiansuperstore", "source_url": "/search?search-bar=2% milk&page=1", "scrape_ts": "2026-01-02T05:23:53.441383Z", "external_id": "21537885_EA", "name": "2% Partly Skimmed Milk", "brand": "Milk 2 Go", "size_text": "6x200.0 ml, $0.54/100ml", "price": 6.49, "currency": "CAD", "unit_price": 0.54, "unit_price_uom": "100ml", "image_url": "https://digital.loblaws.ca/PCX/21537885_EA/en/1/21537885_en_front_800.png", "category_path": null, "availability": "in_stock", "query_category": "2% milk", "raw_source": {"type": "next-data", "data": {"index": 18, "promotions": [], "productId": "21537885_EA", "productImage": [{"imageUrl": "https://digital.loblaws.ca/PCX/21537885_EA/en/1/21537885_en_front_1200.png", "thumbnailUrl": "https://digital.loblaws.ca/PCX/21537885_EA/en/1/21537885_en_front_120.png", "smallUrl": "https://digital.loblaws.ca/PCX/21537885_EA/en/1/21537885_en_front_250.png", "mediumUrl": "https://digital.loblaws.ca/PCX/21537885_EA/en/1/21537885_en_front_400.png", "largeUrl": "https://digital.loblaws.ca/PCX/21537885_EA/en/1/21537885_en_front_800.png", "extraLargeUrl": "https://digital.loblaws.ca/PCX/21537885_EA/en/1/21537885_en_front_1200.png", "smallRetinaUrl": "https://digital.loblaws.ca/PCX/21537885_EA/en/1/21537885_en_front_250.png", "mediumRetinaUrl": "https://digital.loblaws.ca/PCX/21537885_EA/en/1/21537885_en_front_400.png", "largeRetinaUrl": "https://digital.loblaws.ca/PCX/21537885_EA/en/1/21537885_en_front_800.png"}], "brand": "Milk 2 Go", "title": "2% Partly Skimmed Milk", "description": "It’s best buds with cookies, cake and pretty much all desserts. And it fits into the cup holder of your car. So much to love. Milk2Go is the right balance of fun and convenience. This playful brand offers a variety of flavours of bottled fresh milk to take on the go. We are committed to providing nutritious, delicious, Canadian-produced milk with no preservatives.  Milk2Go, the perfect on the go snack for everyone.", "packageSizing": "6x200.0 ml, $0.54/100ml", "pricing": {"price": "6.49", "wasPrice": null, "displayPrice": "$6.49", "memberOnlyPrice": null, "mopDisplayPrice": null, "ehfTotal": null, "environmentalHandlingFee": null, "taxInfo": ""}, "pricingUnits": {"type": "SOLD_BY_EACH", "unit": "ea", "interval": 1, "minOrderQuantity": 1, "maxOrderQuantity": 24, "weighted": false}, "deal": null, "mopDeal": null, "pcoDeal": null, "inventoryIndicator": null, "offerType": "OG", "offerId": "OG", "action": null, "isVariant": false, "link": "/en/2-partly-skimmed-milk/p/21537885_EA", "productVendor": null, "productVariant": null, "textBadge": "", "variantTheme": null, "articleNumber": "21537885", "uom": "EA", "sponsoredCreative": null, "isSponsored": false, "isComplementarySponsored": false, "complementarySponsoredBadgeText": null, "productBadge": {"badgeId": "PREPARED_IN_CANADA", "badgeClass": "badge11", "text": "Prepared in Canada", "icon": {"url": "https://dis-prod.assetful.loblaw.ca/content/dam/loblaw-companies-limited/creative-assets/pc-optimum/global-list/maple-leaf-red.png", "altText": "", "placement": "LEFT"}}}}}
{"store": "Real Canadian Superstore", "site_slug": "realcanadiansuperstore", "source_url": "/search?search-bar=2% milk&page=1", "scrape_ts": "2026-01-02T05:23:53.441383Z", "external_id": "21554369_EA", "name": "2% Protein Milk Beverage", "brand": "Neilson", "size_text": "1.89 l, $0.39/100ml", "price": 7.43, "currency": "CAD", "unit_price": 0.39, "unit_price_uom": "100ml", "image_url": "https://digital.loblaws.ca/PCX/21554369_EA/en/1/21554369_en_front_800.png", "category_path": null, "availability": "out_of_stock", "query_category": "2% milk", "raw_source": {"type": "next-data", "data": {"index": 19, "promotions": [], "productId": "21554369_EA", "productImage": [{"imageUrl": "https://digital.loblaws.ca/PCX/21554369_EA/en/1/21554369_en_front_1200.png", "thumbnailUrl": "https://digital.loblaws.ca/PCX/21554369_EA/en/1/21554369_en_front_120.png", "smallUrl": "https://digital.loblaws.ca/PCX/21554369_EA/en/1/21554369_en_front_250.png", "mediumUrl": "https://digital.loblaws.ca/PCX/21554369_EA/en/1/21554369_en_front_400.png", "largeUrl": "https://digital.loblaws.ca/PCX/21554369_EA/en/1/21554369_en_front_800.png", "extraLargeUrl": "https://digital.loblaws.ca/PCX/21554369_EA/en/1/21554369_en_front_1200.png", "smallRetinaUrl": "https://digital.loblaws.ca/PCX/21554369_EA/en/1/21554369_en_front_250.png", "mediumRetinaUrl": "https://digital.loblaws.ca/PCX/21554369_EA/en/1/21554369_en_front_400.png", "largeRetinaUrl": "https://digital.loblaws.ca/PCX/21554369_EA/en/1/21554369_en_front_800.png"}], "brand": "Neilson", "title": "2% Protein Milk Beverage", "description": "Fill up with 18goodnessWait until you taste our Neilson product providing 18 g of protein per 250 mL serving!It is a source of 9 essential nutrients and has no added sugar. It is made with Canadian Milk for a fresh taste! So you can pair it with a sweet treat, guilt-free! Neilson 2% Dairy Protein Beverage provides 18 g of protein (2X more protein than regular milk), is a source of essential nutrients and has no added sugar. It is made with Canadian milk for a fresh taste! Lactose Free.", "packageSizing": "1.89 l, $0.39/100ml", "pricing": {"price": "7.43", "wasPrice": null, "displayPrice": "$7.43", "memberOnlyPrice": null, "mopDisplayPrice": null, "ehfTotal": null, "environmentalHandlingFee": null, "taxInfo": ""}, "pricingUnits": {"type": "SOLD_BY_EACH", "unit": "ea", "interval": 1, "minOrderQuantity": 1, "maxOrderQuantity": 24, "weighted": false}, "deal": null, "mopDeal": null, "pcoDeal": null, "inventoryIndicator": {"indicatorId": "OUT", "text": "Out of Stock"}, "offerType": "OG", "offerId": "OG", "action": null, "isVariant": false, "link": "/en/2-protein-milk-beverage/p/21554369_EA", "productVendor": null, "productVariant": null, "textBadge": "out-of-stock", "variantTheme": null, "articleNumber": "21554369", "uom": "EA", "sponsoredCreative": null, "isSponsored": false, "isComplementarySponsored": false, "complementarySponsoredBadgeText": null, "productBadge": {"badgeId": "PREPARED_IN_CANADA", "badgeClass": "badge11", "text": "Prepared in Canada", "icon": {"url": "https://dis-prod.assetful.loblaw.ca/content/dam/loblaw-companies-limited/creative-assets/pc-optimum/global-list/maple-leaf-red.png", "altText": "", "placement": "LEFT"}}}}}
{"store": "Real Canadian Superstore", "site_slug": "realcanadiansuperstore", "source_url": "/search?search-bar=2% milk&page=1", "scrape_ts": "2026-01-02T05:23:53.441383Z", "external_id": "20774113_EA", "name": "2% Milk", "brand": "Neilson", "size_text": "473 ml, $0.56/100ml", "price": 2.63, "currency": "CAD", "unit_price": 0.56, "unit_price_uom": "100ml", "image_url": "https://digital.loblaws.ca/PCX/20774113_EA/en/1/20774113_en_front_800.png", "category_path": null, "availability": "in_stock", "query_category": "2% milk", "raw_source": {"type": "next-data", "data": {"index": 20, "promotions": [], "productId": "20774113_EA", "productImage": [{"imageUrl": "https://digital.loblaws.ca/PCX/20774113_EA/en/1/20774113_en_front_1200.png", "thumbnailUrl": "https://digital.loblaws.ca/PCX/20774113_EA/en/1/20774113_en_front_120.png", "smallUrl": "https://digital.loblaws.ca/PCX/20774113_EA/en/1/20774113_en_front_250.png", "mediumUrl": "https://digital.loblaws.ca/PCX/20774113_EA/en/1/20774113_en_front_400.png", "largeUrl": "https://digital.loblaws.ca/PCX/20774113_EA/en/1/20774113_en_front_800.png", "extraLargeUrl": "https://digital.loblaws.ca/PCX/20774113_EA/en/1/20774113_en_front_1200.png", "smallRetinaUrl": "https://digital.loblaws.ca/PCX/20774113_EA/en/1/20774113_en_front_250.png", "mediumRetinaUrl": "https://digital.loblaws.ca/PCX/20774113_EA/en/1/20774113_en_front_400.png", "largeRetinaUrl": "https://digital.loblaws.ca/PCX/20774113_EA/en/1/20774113_en_front_800.png"}], "brand": "Neilson", "title": "2% Milk", "description": "Fresh, wholesome milk… naturally from Neilson.Since 1893, Neilson has stood for high quality dairy products. Neilson has always been committed to using the best ingredients, people and processes to produce great tasting quality milk you can depend on. Always fresh, always delicious and always an excellent source of calcium, protein and vitamin D.", "packageSizing": "473 ml, $0.56/100ml", "pricing": {"price": "2.63", "wasPrice": null, "displayPrice": "$2.63", "memberOnlyPrice": null, "mopDisplayPrice": null, "ehfTotal": null, "environmentalHandlingFee": null, "taxInfo": ""}, "pricingUnits": {"type": "SOLD_BY_EACH", "unit": "ea", "interval": 1, "minOrderQuantity": 1, "maxOrderQuantity": 24, "weighted": false}, "deal": null, "mopDeal": null, "pcoDeal": null, "inventoryIndicator": null, "offerType": "OG", "offerId": "OG", "action": null, "isVariant": false, "link": "/en/2-milk/p/20774113_EA", "productVendor": null, "productVariant": null, "textBadge": "", "variantTheme": null, "articleNumber": "20774113", "uom": "EA", "sponsoredCreative": null, "isSponsored": false, "isComplementarySponsored": false, "complementarySponsoredBadgeText": null, "productBadge": {"badgeId": "PREPARED_IN_CANADA", "badgeClass": "badge11", "text": "Prepared in Canada", "icon": {"url": "https://dis-prod.assetful.loblaw.ca/content/dam/loblaw-companies-limited/creative-assets/pc-optimum/global-list/maple-leaf-red.png", "altText": "", "placement": "LEFT"}}}}}
{"store": "Real Canadian Superstore", "site_slug": "realcanadiansuperstore", "source_url": "/search?search-bar=2% milk&page=1", "scrape_ts": "2026-01-02T05:23:53.441383Z", "external_id": "20296180001_EA", "name": "Organic 2% Milk", "brand": "PC Organics", "size_text": "1 l, $0.45/100ml", "price": 4.49, "currency": "CAD", "unit_price": 0.45, "unit_price_uom": "100ml", "image_url": "https://digital.loblaws.ca/PCX/20296180001_EA/en/1/6038370738_en_front_centre_marketing_GS1_Marketing_800.png", "category_path": null, "availability": "in_stock", "query_category": "2% milk", "raw_source": {"type": "next-data", "data": {"index": 21, "promotions": [], "productId": "20296180001_EA", "productImage": [{"imageUrl": "https://digital.loblaws.ca/PCX/20296180001_EA/en/1/6038370738_en_front_centre_marketing_GS1_Marketing_1200.png", "thumbnailUrl": "https://digital.loblaws.ca/PCX/20296180001_EA/en/1/6038370738_en_front_centre_marketing_GS1_Marketing_120.png", "smallUrl": "https://digital.loblaws.ca/PCX/20296180001_EA/en/1/6038370738_en_front_centre_marketing_GS1_Marketing_250.png", "mediumUrl": "https://digital.loblaws.ca/PCX/20296180001_EA/en/1/6038370738_en_front_centre_marketing_GS1_Marketing_400.png", "largeUrl": "https://digital.loblaws.ca/PCX/20296180001_EA/en/1/6038370738_en_front_centre_marketing_GS1_Marketing_800.png", "extraLargeUrl": "https://digital.loblaws.ca/PCX/20296180001_EA/en/1/6038370738_en_front_centre_marketing_GS1_Marketing_1200.png", "smallRetinaUrl": "https://digital.loblaws.ca/PCX/20296180001_EA/en/1/6038370738_en_front_centre_marketing_GS1_Marketing_250.png", "mediumRetinaUrl": "https://digital.loblaws.ca/PCX/20296180001_EA/en/1/6038370738_en_front_centre_marketing_GS1_Marketing_400.png", "largeRetinaUrl": "https://digital.loblaws.ca/PCX/20296180001_EA/en/1/6038370738_en_front_centre_marketing_GS1_Marketing_800.png"}], "brand": "PC Organics", "title": "Organic 2% Milk", "description": "Very high in calcium", "packageSizing": "1 l, $0.45/100ml", "pricing": {"price": "4.49", "wasPrice": null, "displayPrice": "$4.49", "memberOnlyPrice": null, "mopDisplayPrice": null, "ehfTotal": null, "environmentalHandlingFee": null, "taxInfo": ""}, "pricingUnits": {"type": "SOLD_BY_EACH", "unit": "ea", "interval": 1, "minOrderQuantity": 1, "maxOrderQuantity": 24, "weighted": false}, "deal": null, "mopDeal": null, "pcoDeal": null, "inventoryIndicator": null, "offerType": "OG", "offerId": "OG", "action": null, "isVariant": false, "link": "/en/organic-2-milk/p/20296180001_EA", "productVendor": null, "productVariant": null, "textBadge": "", "variantTheme": null, "articleNumber": "20296180001", "uom": "EA", "sponsoredCreative": null, "isSponsored": false, "isComplementarySponsored": false, "complementarySponsoredBadgeText": null, "productBadge": {"badgeId": "SUBSCRIBE_EARN", "badgeClass": "badge06", "text": "Subscribe & Earn", "icon": null}}}}
{"store": "Real Canadian Superstore", "site_slug": "realcanadiansuperstore", "source_url": "/search?search-bar=2% milk&page=1", "scrape_ts": "2026-01-02T05:23:53.441383Z", "external_id": "20304385_EA", "name": "Organic Partly Skimmed 2% Milk", "brand": "PC Organics", "size_text": "4 l, $0.27/100ml", "price": 10.79, "currency": "CAD", "unit_price": 0.27, "unit_price_uom": "100ml", "image_url": "https://digital.loblaws.ca/PCX/20304385_EA/en/1/6038370737_enfr_front_centre_marketing_GS1_Marketing_800.png", "category_path": null, "availability": "in_stock", "query_category": "2% milk", "raw_source": {"type": "next-data", "data": {"index": 22, "promotions": [], "productId": "20304385_EA", "productImage": [{"imageUrl": "https://digital.loblaws.ca/PCX/20304385_EA/en/1/6038370737_enfr_front_centre_marketing_GS1_Marketing_1200.png", "thumbnailUrl": "https://digital.loblaws.ca/PCX/20304385_EA/en/1/6038370737_enfr_front_centre_marketing_GS1_Marketing_120.png", "smallUrl": "https://digital.loblaws.ca/PCX/20304385_EA/en/1/6038370737_enfr_front_centre_marketing_GS1_Marketing_250.png", "mediumUrl": "https://digital.loblaws.ca/PCX/20304385_EA/en/1/6038370737_enfr_front_centre_marketing_GS1_Marketing_400.png", "largeUrl": "https://digital.loblaws.ca/PCX/20304385_EA/en/1/6038370737_enfr_front_centre_marketing_GS1_Marketing_800.png", "extraLargeUrl": "https://digital.loblaws.ca/PCX/20304385_EA/en/1/6038370737_enfr_front_centre_marketing_GS1_Marketing_1200.png", "smallRetinaUrl": "https://digital.loblaws.ca/PCX/20304385_EA/en/1/6038370737_enfr_front_centre_marketing_GS1_Marketing_250.png", "mediumRetinaUrl": "https://digital.loblaws.ca/PCX/20304385_EA/en/1/6038370737_enfr_front_centre_marketing_GS1_Marketing_400.png", "largeRetinaUrl": "https://digital.loblaws.ca/PCX/20304385_EA/en/1/6038370737_enfr_front_centre_marketing_GS1_Marketing_800.png"}], "brand": "PC Organics", "title": "Organic Partly Skimmed 2% Milk", "description": "Rich in nutrients, milk has been a food staple for centuries. Used in cooking, baking or simply as a wholesome beverage, Milk is a great way to get calcium and protein into your diet. Whole milk contains at least 3.25% milk fat. When a portion of the milk’s fat is removed, it becomes partly skimmed milk, such as 2% milk and 1% milk, depending on the quantity removed. Skim milk is virtually fat-free, with only about 0.1% fat.", "packageSizing": "4 l, $0.27/100ml", "pricing": {"price": "10.79", "wasPrice": null, "displayPrice": "$10.79", "memberOnlyPrice": null, "mopDisplayPrice": null, "ehfTotal": null, "environmentalHandlingFee": null, "taxInfo": ""}, "pricingUnits": {"type": "SOLD_BY_EACH", "unit": "ea", "interval": 1, "minOrderQuantity": 1, "maxOrderQuantity": 24, "weighted": false}, "deal": null, "mopDeal": null, "pcoDeal": null, "inventoryIndicator": null, "offerType": "OG", "offerId": "OG", "action": null, "isVariant": false, "link": "/en/organic-partly-skimmed-2-milk/p/20304385_EA", "productVendor": null, "productVariant": null, "textBadge": "", "variantTheme": null, "articleNumber": "20304385", "uom": "EA", "sponsoredCreative": null, "isSponsored": false, "isComplementarySponsored": false, "complementarySponsoredBadgeText": null, "productBadge": {"badgeId": "SUBSCRIBE_EARN", "badgeClass": "badge06", "text": "Subscribe & Earn", "icon": null}}}}
{"store": "Real Canadian Superstore", "site_slug": "realcanadiansuperstore", "source_url": "/search?search-bar=2% milk&page=1", "scrape_ts": "2026-01-02T05:23:53.441383Z", "external_id": "21128371_EA", "name": "Chocolate Milk", "brand": "Fairlife", "size_text": "1.5 l, $0.50/100ml", "price": 7.49, "currency": "CAD", "unit_price": 0.5, "unit_price_uom": "100ml", "image_url": "https://digital.loblaws.ca/PCX/21128371_EA/en/1/21128371_en_front_v2_800.png", "category_path": null, "availability": "in_stock", "query_category": "2% milk", "raw_source": {"type": "next-data", "data": {"index": 23, "promotions": [], "productId": "21128371_EA", "productImage": [{"imageUrl": "https://digital.loblaws.ca/PCX/21128371_EA/en/1/21128371_en_front_v2_1200.png", "thumbnailUrl": "https://digital.loblaws.ca/PCX/21128371_EA/en/1/21128371_en_front_v2_120.png", "smallUrl": "https://digital.loblaws.ca/PCX/21128371_EA/en/1/21128371_en_front_v2_250.png", "mediumUrl": "https://digital.loblaws.ca/PCX/21128371_EA/en/1/21128371_en_front_v2_400.png", "largeUrl": "https://digital.loblaws.ca/PCX/21128371_EA/en/1/21128371_en_front_v2_800.png", "extraLargeUrl": "https://digital.loblaws.ca/PCX/21128371_EA/en/1/21128371_en_front_v2_1200.png", "smallRetinaUrl": "https://digital.loblaws.ca/PCX/21128371_EA/en/1/21128371_en_front_v2_250.png", "mediumRetinaUrl": "https://digital.loblaws.ca/PCX/21128371_EA/en/1/21128371_en_front_v2_400.png", "largeRetinaUrl": "https://digital.loblaws.ca/PCX/21128371_EA/en/1/21128371_en_front_v2_800.png"}], "brand": "Fairlife", "title": "Chocolate Milk", "description": "<p>We are driven by a simple belief: we can always make the world better. Proper nourishment allows us all to grow and thrive. All our milk flows through soft filters to concentrate protein while filtering out half of the natural sugars. Our delicious fairlife ultra-filtered milk has 50% less sugar and 50% more protein than regular chocolate milk. Plus, there are no artificial growth hormones used and it's lactose-free. So sip, drink, and chug as you enjoy our delicious ultra-filtered milk, eh?</p><ul><li>Made with 100% quality Canadian milk</li><li>50% less sugar and 50% more protein than regular chocolate milk</li><li>Delicious, satisfying, and lactose-free</li><li>No artificial growth hormones used</li></ul>", "packageSizing": "1.5 l, $0.50/100ml", "pricing": {"price": "7.49", "wasPrice": null, "displayPrice": "$7.49", "memberOnlyPrice": null, "mopDisplayPrice": null, "ehfTotal": null, "environmentalHandlingFee": null, "taxInfo": ""}, "pricingUnits": {"type": "SOLD_BY_EACH", "unit": "ea", "interval": 1, "minOrderQuantity": 1, "maxOrderQuantity": 24, "weighted": false}, "deal": null, "mopDeal": null, "pcoDeal": null, "inventoryIndicator": null, "offerType": "OG", "offerId": "OG", "action": null, "isVariant": false, "link": "/en/chocolate-milk/p/21128371_EA", "productVendor": null, "productVariant": null, "textBadge": "", "variantTheme": null, "articleNumber": "21128371", "uom": "EA", "sponsoredCreative": null, "isSponsored": false, "isComplementarySponsored": false, "complementarySponsoredBadgeText": null, "productBadge": {"badgeId": "PREPARED_IN_CANADA", "badgeClass": "badge11", "text": "Prepared in Canada", "icon": {"url": "https://dis-prod.assetful.loblaw.ca/content/dam/loblaw-companies-limited/creative-assets/pc-optimum/global-list/maple-leaf-red.png", "altText": "", "placement": "LEFT"}}}}}
{"store": "Real Canadian Superstore", "site_slug": "realcanadiansuperstore", "source_url": "/search?search-bar=2% milk&page=1", "scrape_ts": "2026-01-02T05:23:53.441383Z", "external_id": "20188053001_EA", "name": "2% Lactose Free Milk", "brand": "Neilson", "size_text": "2 l, $0.33/100ml", "price": 6.53, "currency": "CAD", "unit_price": 0.33, "unit_price_uom": "100ml", "image_url": "https://digital.loblaws.ca/PCX/20188053001_EA/en/1/20188053001_en_front_800.png", "category_path": null, "availability": "out_of_stock", "query_category": "2% milk", "raw_source": {"type": "next-data", "data": {"index": 24, "promotions": [], "productId": "20188053001_EA", "productImage": [{"imageUrl": "https://digital.loblaws.ca/PCX/20188053001_EA/en/1/20188053001_en_front_1200.png", "thumbnailUrl": "https://digital.loblaws.ca/PCX/20188053001_EA/en/1/20188053001_en_front_120.png", "smallUrl": "https://digital.loblaws.ca/PCX/20188053001_EA/en/1/20188053001_en_front_250.png", "mediumUrl": "https://digital.loblaws.ca/PCX/20188053001_EA/en/1/20188053001_en_front_400.png", "largeUrl": "https://digital.loblaws.ca/PCX/20188053001_EA/en/1/20188053001_en_front_800.png", "extraLargeUrl": "https://digital.loblaws.ca/PCX/20188053001_EA/en/1/20188053001_en_front_1200.png", "smallRetinaUrl": "https://digital.loblaws.ca/PCX/20188053001_EA/en/1/20188053001_en_front_250.png", "mediumRetinaUrl": "https://digital.loblaws.ca/PCX/20188053001_EA/en/1/20188053001_en_front_400.png", "largeRetinaUrl": "https://digital.loblaws.ca/PCX/20188053001_EA/en/1/20188053001_en_front_800.png"}], "brand": "Neilson", "title": "2% Lactose Free Milk", "description": "Neilson TruTaste Lactose Free milk is easier to digest for those of you who suffer from lactose intolerance. It’s a fresh and delicious option that provides the calcium, protein, vitamins A and D that your body needs without sacrificing great taste. Taste wholesome goodness and savour the TruTaste difference!Neilson Trutaste, voted #1 Most Trusted Milk Brand by Brandspark.", "packageSizing": "2 l, $0.33/100ml", "pricing": {"price": "6.53", "wasPrice": null, "displayPrice": "$6.53", "memberOnlyPrice": null, "mopDisplayPrice": null, "ehfTotal": null, "environmentalHandlingFee": null, "taxInfo": ""}, "pricingUnits": {"type": "SOLD_BY_EACH", "unit": "ea", "interval": 1, "minOrderQuantity": 1, "maxOrderQuantity": 24, "weighted": false}, "deal": null, "mopDeal": null, "pcoDeal": null, "inventoryIndicator": {"indicatorId": "OUT", "text": "Out of Stock"}, "offerType": "OG", "offerId": "OG", "action": null, "isVariant": false, "link": "/en/2-lactose-free-milk/p/20188053001_EA", "productVendor": null, "productVariant": null, "textBadge": "out-of-stock", "variantTheme": null, "articleNumber": "20188053001", "uom": "EA", "sponsoredCreative": null, "isSponsored": false, "isComplementarySponsored": false, "complementarySponsoredBadgeText": null, "productBadge": {"badgeId": "PREPARED_IN_CANADA", "badgeClass": "badge11", "text": "Prepared in Canada", "icon": {"url": "https://dis-prod.assetful.loblaw.ca/content/dam/loblaw-companies-limited/creative-assets/pc-optimum/global-list/maple-leaf-red.png", "altText": "", "placement": "LEFT"}}}}}
{"store": "Real Canadian Superstore", "site_slug": "realcanadiansuperstore", "source_url": "/search?search-bar=2% milk&page=1", "scrape_ts": "2026-01-02T05:23:53.441383Z", "external_id": "20354310_EA", "name": "Organic Partly Skimmed 2% Milk", "brand": "PC Organics", "size_text": "2 l, $0.39/100ml", "price": 7.79, "currency": "CAD", "unit_price": 0.39, "unit_price_uom": "100ml", "image_url": "https://digital.loblaws.ca/PCX/20354310_EA/en/1/6038387045_en_front_centre_marketing_GS1_Marketing_800.png", "category_path": null, "availability": "in_stock", "query_category": "2% milk", "raw_source": {"type": "next-data", "data": {"index": 25, "promotions": [], "productId": "20354310_EA", "productImage": [{"imageUrl": "https://digital.loblaws.ca/PCX/20354310_EA/en/1/6038387045_en_front_centre_marketing_GS1_Marketing_1200.png", "thumbnailUrl": "https://digital.loblaws.ca/PCX/20354310_EA/en/1/6038387045_en_front_centre_marketing_GS1_Marketing_120.png", "smallUrl": "https://digital.loblaws.ca/PCX/20354310_EA/en/1/6038387045_en_front_centre_marketing_GS1_Marketing_250.png", "mediumUrl": "https://digital.loblaws.ca/PCX/20354310_EA/en/1/6038387045_en_front_centre_marketing_GS1_Marketing_400.png", "largeUrl": "https://digital.loblaws.ca/PCX/20354310_EA/en/1/6038387045_en_front_centre_marketing_GS1_Marketing_800.png", "extraLargeUrl": "https://digital.loblaws.ca/PCX/20354310_EA/en/1/6038387045_en_front_centre_marketing_GS1_Marketing_1200.png", "smallRetinaUrl": "https://digital.loblaws.ca/PCX/20354310_EA/en/1/6038387045_en_front_centre_marketing_GS1_Marketing_250.png", "mediumRetinaUrl": "https://digital.loblaws.ca/PCX/20354310_EA/en/1/6038387045_en_front_centre_marketing_GS1_Marketing_400.png", "largeRetinaUrl": "https://digital.loblaws.ca/PCX/20354310_EA/en/1/6038387045_en_front_centre_marketing_GS1_Marketing_800.png"}], "brand": "PC Organics", "title": "Organic Partly Skimmed 2% Milk", "description": "Rich in nutrients, milk has been a food staple for centuries. Used in cooking, baking or simply as a wholesome beverage, Milk is a great way to get calcium and protein into your diet. Whole milk contains at least 3.25% milk fat. When a portion of the milk’s fat is removed, it becomes partly skimmed milk, such as 2% milk and 1% milk, depending on the quantity removed. Skim milk is virtually fat-free, with only about 0.1% fat.", "packageSizing": "2 l, $0.39/100ml", "pricing": {"price": "7.79", "wasPrice": null, "displayPrice": "$7.79", "memberOnlyPrice": null, "mopDisplayPrice": null, "ehfTotal": null, "environmentalHandlingFee": null, "taxInfo": ""}, "pricingUnits": {"type": "SOLD_BY_EACH", "unit": "ea", "interval": 1, "minOrderQuantity": 1, "maxOrderQuantity": 24, "weighted": false}, "deal": null, "mopDeal": null, "pcoDeal": null, "inventoryIndicator": null, "offerType": "OG", "offerId": "OG", "action": null, "isVariant": false, "link": "/en/organic-partly-skimmed-2-milk/p/20354310_EA", "productVendor": null, "productVariant": null, "textBadge": "", "variantTheme": null, "articleNumber": "20354310", "uom": "EA", "sponsoredCreative": null, "isSponsored": false, "isComplementarySponsored": false, "complementarySponsoredBadgeText": null, "productBadge": {"badgeId": "SUBSCRIBE_EARN", "badgeClass": "badge06", "text": "Subscribe & Earn", "icon": null}}}}
{"store": "Real Canadian Superstore", "site_slug": "realcanadiansuperstore", "source_url": "/search?search-bar=2% milk&page=1", "scrape_ts": "2026-01-02T05:23:53.441383Z", "external_id": "21443674_EA", "name": "Natrel Plus 2% Lactose Free Enriched Milk", "brand": "Natrel", "size_text": "2 l, $0.41/100ml", "price": 8.24, "currency": "CAD", "unit_price": 0.41, "unit_price_uom": "100ml", "image_url": "https://digital.loblaws.ca/PCX/21443674_EA/en/1/21443674_en_front_v1_800.png", "category_path": null, "availability": "in_stock", "query_category": "2% milk", "raw_source": {"type": "next-data", "data": {"index": 26, "promotions": [], "productId": "21443674_EA", "productImage": [{"imageUrl": "https://digital.loblaws.ca/PCX/21443674_EA/en/1/21443674_en_front_v1_1200.png", "thumbnailUrl": "https://digital.loblaws.ca/PCX/21443674_EA/en/1/21443674_en_front_v1_120.png", "smallUrl": "https://digital.loblaws.ca/PCX/21443674_EA/en/1/21443674_en_front_v1_250.png", "mediumUrl": "https://digital.loblaws.ca/PCX/21443674_EA/en/1/21443674_en_front_v1_400.png", "largeUrl": "https://digital.loblaws.ca/PCX/21443674_EA/en/1/21443674_en_front_v1_800.png", "extraLargeUrl": "https://digital.loblaws.ca/PCX/21443674_EA/en/1/21443674_en_front_v1_1200.png", "smallRetinaUrl": "https://digital.loblaws.ca/PCX/21443674_EA/en/1/21443674_en_front_v1_250.png", "mediumRetinaUrl": "https://digital.loblaws.ca/PCX/21443674_EA/en/1/21443674_en_front_v1_400.png", "largeRetinaUrl": "https://digital.loblaws.ca/PCX/21443674_EA/en/1/21443674_en_front_v1_800.png"}], "brand": "Natrel", "title": "Natrel Plus 2% Lactose Free Enriched Milk", "description": "  Made  from 100% Canadian milk, Natrel Plus 2% contains 18g of protein per 250 ml  serving, providing twice the protein than regular 2% milk. Without added  sugar and the same Natrel delicious taste you know, discover this new  offering that will delight everyone even lactose intolerant.", "packageSizing": "2 l, $0.41/100ml", "pricing": {"price": "8.24", "wasPrice": null, "displayPrice": "$8.24", "memberOnlyPrice": null, "mopDisplayPrice": null, "ehfTotal": null, "environmentalHandlingFee": null, "taxInfo": ""}, "pricingUnits": {"type": "SOLD_BY_EACH", "unit": "ea", "interval": 1, "minOrderQuantity": 1, "maxOrderQuantity": 24, "weighted": false}, "deal": null, "mopDeal": null, "pcoDeal": null, "inventoryIndicator": null, "offerType": "OG", "offerId": "OG", "action": null, "isVariant": false, "link": "/en/natrel-plus-2-lactose-free-enriched-milk/p/21443674_EA", "productVendor": null, "productVariant": null, "textBadge": "", "variantTheme": null, "articleNumber": "21443674", "uom": "EA", "sponsoredCreative": null, "isSponsored": false, "isComplementarySponsored": false, "complementarySponsoredBadgeText": null, "productBadge": {"badgeId": "PREPARED_IN_CANADA", "badgeClass": "badge11", "text": "Prepared in Canada", "icon": {"url": "https://dis-prod.assetful.loblaw.ca/content/dam/loblaw-companies-limited/creative-assets/pc-optimum/global-list/maple-leaf-red.png", "altText": "", "placement": "LEFT"}}}}}
{"store": "Real Canadian Superstore", "site_slug": "realcanadiansuperstore", "source_url": "/search?search-bar=2% milk&page=1", "scrape_ts": "2026-01-02T05:23:53.441383Z", "external_id": "21163395_EA", "name": "2% Ultrafiltered Chocolate Partly Skimmed Milk", "brand": "Neilson", "size_text": "1 l, $0.40/100ml", "price": 4.0, "currency": "CAD", "unit_price": 0.4, "unit_price_uom": "100ml", "image_url": "https://digital.loblaws.ca/PCX/21163395_EA/en/1/21163395_en_front_v2_800.png", "category_path": null, "availability": "in_stock", "query_category": "2% milk", "raw_source": {"type": "next-data", "data": {"index": 27, "promotions": [], "productId": "21163395_EA", "productImage": [{"imageUrl": "https://digital.loblaws.ca/PCX/21163395_EA/en/1/21163395_en_front_v2_1200.png", "thumbnailUrl": "https://digital.loblaws.ca/PCX/21163395_EA/en/1/21163395_en_front_v2_120.png", "smallUrl": "https://digital.loblaws.ca/PCX/21163395_EA/en/1/21163395_en_front_v2_250.png", "mediumUrl": "https://digital.loblaws.ca/PCX/21163395_EA/en/1/21163395_en_front_v2_400.png", "largeUrl": "https://digital.loblaws.ca/PCX/21163395_EA/en/1/21163395_en_front_v2_800.png", "extraLargeUrl": "https://digital.loblaws.ca/PCX/21163395_EA/en/1/21163395_en_front_v2_1200.png", "smallRetinaUrl": "https://digital.loblaws.ca/PCX/21163395_EA/en/1/21163395_en_front_v2_250.png", "mediumRetinaUrl": "https://digital.loblaws.ca/PCX/21163395_EA/en/1/21163395_en_front_v2_400.png", "largeRetinaUrl": "https://digital.loblaws.ca/PCX/21163395_EA/en/1/21163395_en_front_v2_800.png"}], "brand": "Neilson", "title": "2% Ultrafiltered Chocolate Partly Skimmed Milk", "description": "<p>Neilson. Part of your family since 1893.Neilson Ultrafiltered Chocolate Partly Skimmed Beverage delivers a deliciously sweet chocolate milk experience made with 100% Canadian milk. Each 250 mL serving offers a comforting blend of indulgence and nourishment, packed with protein to support your daily routine.</p>", "packageSizing": "1 l, $0.40/100ml", "pricing": {"price": "4.00", "wasPrice": "$4.83", "displayPrice": "$4.00", "memberOnlyPrice": null, "mopDisplayPrice": null, "ehfTotal": null, "environmentalHandlingFee": null, "taxInfo": ""}, "pricingUnits": {"type": "SOLD_BY_EACH", "unit": "ea", "interval": 1, "minOrderQuantity": 1, "maxOrderQuantity": 24, "weighted": false}, "deal": {"type": "SALE", "text": "SAVE $0.83", "points": 0, "name": "SALE", "expiryDate": "2026-01-07T00:00:00Z", "dealPrice": null}, "mopDeal": null, "pcoDeal": null, "inventoryIndicator": null, "offerType": "OG", "offerId": "OG", "action": null, "isVariant": false, "link": "/en/2-ultrafiltered-chocolate-partly-skimmed-milk/p/21163395_EA", "productVendor": null, "productVariant": null, "textBadge": "", "variantTheme": null, "articleNumber": "21163395", "uom": "EA", "sponsoredCreative": null, "isSponsored": false, "isComplementarySponsored": false, "complementarySponsoredBadgeText": null, "productBadge": {"badgeId": "PREPARED_IN_CANADA", "badgeClass": "badge11", "text": "Prepared in Canada", "icon": {"url": "https://dis-prod.assetful.loblaw.ca/content/dam/loblaw-companies-limited/creative-assets/pc-optimum/global-list/maple-leaf-red.png", "altText": "", "placement": "LEFT"}}}}}
{"store": "Real Canadian Superstore", "site_slug": "realcanadiansuperstore", "source_url": "/search?search-bar=2% milk&page=1", "scrape_ts": "2026-01-02T05:23:53.441383Z", "external_id": "21040543_EA", "name": "Evaporated Partly Skimmed Milk", "brand": "No Name", "size_text": "354 ml, $0.49/100ml", "price": 1.75, "currency": "CAD", "unit_price": 0.49, "unit_price_uom": "100ml", "image_url": "https://digital.loblaws.ca/PCX/21040543_EA/en/1/21040543_en_front_v1_800.png", "category_path": null, "availability": "in_stock", "query_category": "2% milk", "raw_source": {"type": "next-data", "data": {"index": 28, "promotions": [], "productId": "21040543_EA", "productImage": [{"imageUrl": "https://digital.loblaws.ca/PCX/21040543_EA/en/1/21040543_en_front_v1_1200.png", "thumbnailUrl": "https://digital.loblaws.ca/PCX/21040543_EA/en/1/21040543_en_front_v1_120.png", "smallUrl": "https://digital.loblaws.ca/PCX/21040543_EA/en/1/21040543_en_front_v1_250.png", "mediumUrl": "https://digital.loblaws.ca/PCX/21040543_EA/en/1/21040543_en_front_v1_400.png", "largeUrl": "https://digital.loblaws.ca/PCX/21040543_EA/en/1/21040543_en_front_v1_800.png", "extraLargeUrl": "https://digital.loblaws.ca/PCX/21040543_EA/en/1/21040543_en_front_v1_1200.png", "smallRetinaUrl": "https://digital.loblaws.ca/PCX/21040543_EA/en/1/21040543_en_front_v1_250.png", "mediumRetinaUrl": "https://digital.loblaws.ca/PCX/21040543_EA/en/1/21040543_en_front_v1_400.png", "largeRetinaUrl": "https://digital.loblaws.ca/PCX/21040543_EA/en/1/21040543_en_front_v1_800.png"}], "brand": "No Name", "title": "Evaporated Partly Skimmed Milk", "description": "<p>A baking essential, Evaporated Partly Skimmed Milk adds creaminess and richness to your favourite recipes. It has vitamins A, C, and D added. Give some body to smoothies or thicken up soups and chowders with this evaporated milk.</p><p></p><p>The †Simple Check™ symbol appears on no name® products made without 10 ingredients such as synthetic colours*, artificial flavours and artificial sweeteners. *As defined in Canadian regulations. To learn more visit noname.ca/simplecheck</p>", "packageSizing": "354 ml, $0.49/100ml", "pricing": {"price": "1.75", "wasPrice": "$1.99", "displayPrice": "$1.75", "memberOnlyPrice": null, "mopDisplayPrice": null, "ehfTotal": null, "environmentalHandlingFee": null, "taxInfo": ""}, "pricingUnits": {"type": "SOLD_BY_EACH", "unit": "ea", "interval": 1, "minOrderQuantity": 1, "maxOrderQuantity": 24, "weighted": false}, "deal": {"type": "SALE", "text": "SAVE $0.24", "points": 0, "name": "SALE", "expiryDate": "2026-01-07T00:00:00Z", "dealPrice": null}, "mopDeal": null, "pcoDeal": null, "inventoryIndicator": null, "offerType": "OG", "offerId": "OG", "action": null, "isVariant": false, "link": "/en/evaporated-partly-skimmed-milk/p/21040543_EA", "productVendor": null, "productVariant": null, "textBadge": "", "variantTheme": null, "articleNumber": "21040543", "uom": "EA", "sponsoredCreative": null, "isSponsored": false, "isComplementarySponsored": false, "complementarySponsoredBadgeText": null, "productBadge": {"badgeId": "PREPARED_IN_CANADA", "badgeClass": "badge11", "text": "Prepared in Canada", "icon": {"url": "https://dis-prod.assetful.loblaw.ca/content/dam/loblaw-companies-limited/creative-assets/pc-optimum/global-list/maple-leaf-red.png", "altText": "", "placement": "LEFT"}}}}}
{"store": "Real Canadian Superstore", "site_slug": "realcanadiansuperstore", "source_url": "/search?search-bar=2% milk&page=1", "scrape_ts": "2026-01-02T05:23:53.441383Z", "external_id": "20975065_EA", "name": "Goat Milk, 2% M.F", "brand": "Liberte", "size_text": "1 l, $0.55/100ml", "price": 5.49, "currency": "CAD", "unit_price": 0.55, "unit_price_uom": "100ml", "image_url": "https://digital.loblaws.ca/PCX/20975065_EA/en/1/20975065_en_front_v1_800.png", "category_path": null, "availability": "in_stock", "query_category": "2% milk", "raw_source": {"type": "next-data", "data": {"index": 29, "promotions": [], "productId": "20975065_EA", "productImage": [{"imageUrl": "https://digital.loblaws.ca/PCX/20975065_EA/en/1/20975065_en_front_v1_1200.png", "thumbnailUrl": "https://digital.loblaws.ca/PCX/20975065_EA/en/1/20975065_en_front_v1_120.png", "smallUrl": "https://digital.loblaws.ca/PCX/20975065_EA/en/1/20975065_en_front_v1_250.png", "mediumUrl": "https://digital.loblaws.ca/PCX/20975065_EA/en/1/20975065_en_front_v1_400.png", "largeUrl": "https://digital.loblaws.ca/PCX/20975065_EA/en/1/20975065_en_front_v1_800.png", "extraLargeUrl": "https://digital.loblaws.ca/PCX/20975065_EA/en/1/20975065_en_front_v1_1200.png", "smallRetinaUrl": "https://digital.loblaws.ca/PCX/20975065_EA/en/1/20975065_en_front_v1_250.png", "mediumRetinaUrl": "https://digital.loblaws.ca/PCX/20975065_EA/en/1/20975065_en_front_v1_400.png", "largeRetinaUrl": "https://digital.loblaws.ca/PCX/20975065_EA/en/1/20975065_en_front_v1_800.png"}], "brand": "Liberte", "title": "Goat Milk, 2% M.F", "description": "Discover Liberté’s goat milk for its healthy and different taste! Easier to digest and more easily assimilated, Liberté’s goat milk is offered in formats of 1 L and 2 L with 1%, 2% or 3.25% fat.<ul><li>Excellent Source of Calcium</li><li>Excellent Source of Protein </li><li>Source of Vitamin D  </li><li>High in Phosphorus </li></ul> ", "packageSizing": "1 l, $0.55/100ml", "pricing": {"price": "5.49", "wasPrice": null, "displayPrice": "$5.49", "memberOnlyPrice": null, "mopDisplayPrice": null, "ehfTotal": null, "environmentalHandlingFee": null, "taxInfo": ""}, "pricingUnits": {"type": "SOLD_BY_EACH", "unit": "ea", "interval": 1, "minOrderQuantity": 1, "maxOrderQuantity": 24, "weighted": false}, "deal": null, "mopDeal": null, "pcoDeal": null, "inventoryIndicator": null, "offerType": "OG", "offerId": "OG", "action": null, "isVariant": false, "link": "/en/goat-milk-2-m-f/p/20975065_EA", "productVendor": null, "productVariant": null, "textBadge": "", "variantTheme": null, "articleNumber": "20975065", "uom": "EA", "sponsoredCreative": null, "isSponsored": false, "isComplementarySponsored": false, "complementarySponsoredBadgeText": null, "productBadge": {"badgeId": "PREPARED_IN_CANADA", "badgeClass": "badge11", "text": "Prepared in Canada", "icon": {"url": "https://dis-prod.assetful.loblaw.ca/content/dam/loblaw-companies-limited/creative-assets/pc-optimum/global-list/maple-leaf-red.png", "altText": "", "placement": "LEFT"}}}}}
{"store": "Real Canadian Superstore", "site_slug": "realcanadiansuperstore", "source_url": "/search?search-bar=2% milk&page=1", "scrape_ts": "2026-01-02T05:23:53.441383Z", "external_id": "20790474001_EA", "name": "Goat Milk, 2% M.F", "brand": "Liberte", "size_text": "4 l, $0.40/100ml", "price": 15.99, "currency": "CAD", "unit_price": 0.4, "unit_price_uom": "100ml", "image_url": "https://digital.loblaws.ca/PCX/20790474001_EA/en/1/20790474001_en_front_800.png", "category_path": null, "availability": "in_stock", "query_category": "2% milk", "raw_source": {"type": "next-data", "data": {"index": 30, "promotions": [], "productId": "20790474001_EA", "productImage": [{"imageUrl": "https://digital.loblaws.ca/PCX/20790474001_EA/en/1/20790474001_en_front_1200.png", "thumbnailUrl": "https://digital.loblaws.ca/PCX/20790474001_EA/en/1/20790474001_en_front_120.png", "smallUrl": "https://digital.loblaws.ca/PCX/20790474001_EA/en/1/20790474001_en_front_250.png", "mediumUrl": "https://digital.loblaws.ca/PCX/20790474001_EA/en/1/20790474001_en_front_400.png", "largeUrl": "https://digital.loblaws.ca/PCX/20790474001_EA/en/1/20790474001_en_front_800.png", "extraLargeUrl": "https://digital.loblaws.ca/PCX/20790474001_EA/en/1/20790474001_en_front_1200.png", "smallRetinaUrl": "https://digital.loblaws.ca/PCX/20790474001_EA/en/1/20790474001_en_front_250.png", "mediumRetinaUrl": "https://digital.loblaws.ca/PCX/20790474001_EA/en/1/20790474001_en_front_400.png", "largeRetinaUrl": "https://digital.loblaws.ca/PCX/20790474001_EA/en/1/20790474001_en_front_800.png"}], "brand": "Liberte", "title": "Goat Milk, 2% M.F", "description": "Discover Liberté’s goat milk for its healthy and different taste! Easier to digest and more easily assimilated, Liberté’s goat milk is offered in formats of 1 L and 2 L with 1%, 2% or 3.25% fat.<ul><li>Excellent Source of Calcium</li><li>Excellent Source of Protein </li><li>Source of Vitamin D  </li><li>High in Phosphorus </li></ul> ", "packageSizing": "4 l, $0.40/100ml", "pricing": {"price": "15.99", "wasPrice": null, "displayPrice": "$15.99", "memberOnlyPrice": null, "mopDisplayPrice": null, "ehfTotal": null, "environmentalHandlingFee": null, "taxInfo": ""}, "pricingUnits": {"type": "SOLD_BY_EACH", "unit": "ea", "interval": 1, "minOrderQuantity": 1, "maxOrderQuantity": 24, "weighted": false}, "deal": null, "mopDeal": null, "pcoDeal": null, "inventoryIndicator": {"indicatorId": "LOW", "text": "Low Stock"}, "offerType": "OG", "offerId": "OG", "action": null, "isVariant": false, "link": "/en/goat-milk-2-m-f/p/20790474001_EA", "productVendor": null, "productVariant": null, "textBadge": "low-inventory", "variantTheme": null, "articleNumber": "20790474001", "uom": "EA", "sponsoredCreative": null, "isSponsored": false, "isComplementarySponsored": false, "complementarySponsoredBadgeText": null, "productBadge": {"badgeId": "PREPARED_IN_CANADA", "badgeClass": "badge11", "text": "Prepared in Canada", "icon": {"url": "https://dis-prod.assetful.loblaw.ca/content/dam/loblaw-companies-limited/creative-assets/pc-optimum/global-list/maple-leaf-red.png", "altText": "", "placement": "LEFT"}}}}}
{"store": "Real Canadian Superstore", "site_slug": "realcanadiansuperstore", "source_url": "/search?search-bar=2% milk&page=1", "scrape_ts": "2026-01-02T05:23:53.441383Z", "external_id": "21663045_EA", "name": "2% Chocolate Protein 18 g Beverage", "brand": "Neilson", "size_text": "1.89 l, $0.44/100ml", "price": 8.29, "currency": "CAD", "unit_price": 0.44, "unit_price_uom": "100ml", "image_url": "https://digital.loblaws.ca/PCX/21663045_EA/en/1/21663045_en_front_800.png", "category_path": null, "availability": "out_of_stock", "query_category": "2% milk", "raw_source": {"type": "next-data", "data": {"index": 31, "promotions": [], "productId": "21663045_EA", "productImage": [{"imageUrl": "https://digital.loblaws.ca/PCX/21663045_EA/en/1/21663045_en_front_1200.png", "thumbnailUrl": "https://digital.loblaws.ca/PCX/21663045_EA/en/1/21663045_en_front_120.png", "smallUrl": "https://digital.loblaws.ca/PCX/21663045_EA/en/1/21663045_en_front_250.png", "mediumUrl": "https://digital.loblaws.ca/PCX/21663045_EA/en/1/21663045_en_front_400.png", "largeUrl": "https://digital.loblaws.ca/PCX/21663045_EA/en/1/21663045_en_front_800.png", "extraLargeUrl": "https://digital.loblaws.ca/PCX/21663045_EA/en/1/21663045_en_front_1200.png", "smallRetinaUrl": "https://digital.loblaws.ca/PCX/21663045_EA/en/1/21663045_en_front_250.png", "mediumRetinaUrl": "https://digital.loblaws.ca/PCX/21663045_EA/en/1/21663045_en_front_400.png", "largeRetinaUrl": "https://digital.loblaws.ca/PCX/21663045_EA/en/1/21663045_en_front_800.png"}], "brand": "Neilson", "title": "2% Chocolate Protein 18 g Beverage", "description": "<p>Neilson. Part of your family since 1893.Neilson 2% Chocolate Dairy Protein Beverage provides 18 g of protein (2X more protein than regular milk) and is a source of essential nutrients. It contains 50% less sugar than our regular chocolate milk 1% M.F. It is made with Canadian milk for a fresh taste! Lactose Free</p>", "packageSizing": "1.89 l, $0.44/100ml", "pricing": {"price": "8.29", "wasPrice": null, "displayPrice": "$8.29", "memberOnlyPrice": null, "mopDisplayPrice": null, "ehfTotal": null, "environmentalHandlingFee": null, "taxInfo": ""}, "pricingUnits": {"type": "SOLD_BY_EACH", "unit": "ea", "interval": 1, "minOrderQuantity": 1, "maxOrderQuantity": 25, "weighted": false}, "deal": null, "mopDeal": null, "pcoDeal": null, "inventoryIndicator": {"indicatorId": "OUT", "text": "Out of Stock"}, "offerType": "OG", "offerId": "OG", "action": null, "isVariant": false, "link": "/en/2-chocolate-protein-18-g-beverage/p/21663045_EA", "productVendor": null, "productVariant": null, "textBadge": "out-of-stock", "variantTheme": null, "articleNumber": "21663045", "uom": "EA", "sponsoredCreative": null, "isSponsored": false, "isComplementarySponsored": false, "complementarySponsoredBadgeText": null, "productBadge": {"badgeId": "PREPARED_IN_CANADA", "badgeClass": "badge11", "text": "Prepared in Canada", "icon": {"url": "https://dis-prod.assetful.loblaw.ca/content/dam/loblaw-companies-limited/creative-assets/pc-optimum/global-list/maple-leaf-red.png", "altText": "", "placement": "LEFT"}}}}}
{"store": "Real Canadian Superstore", "site_slug": "realcanadiansuperstore", "source_url": "/search?search-bar=2% milk&page=1", "scrape_ts": "2026-01-02T05:23:53.441383Z", "external_id": "20773913_EA", "name": "2% Milk", "brand": "Neilson", "size_text": "237 ml, $0.86/100ml", "price": 2.03, "currency": "CAD", "unit_price": 0.86, "unit_price_uom": "100ml", "image_url": "https://digital.loblaws.ca/PCX/20773913_EA/en/1/20773913_en_front_800.png", "category_path": null, "availability": "in_stock", "query_category": "2% milk", "raw_source": {"type": "next-data", "data": {"index": 32, "promotions": [], "productId": "20773913_EA", "productImage": [{"imageUrl": "https://digital.loblaws.ca/PCX/20773913_EA/en/1/20773913_en_front_1200.png", "thumbnailUrl": "https://digital.loblaws.ca/PCX/20773913_EA/en/1/20773913_en_front_120.png", "smallUrl": "https://digital.loblaws.ca/PCX/20773913_EA/en/1/20773913_en_front_250.png", "mediumUrl": "https://digital.loblaws.ca/PCX/20773913_EA/en/1/20773913_en_front_400.png", "largeUrl": "https://digital.loblaws.ca/PCX/20773913_EA/en/1/20773913_en_front_800.png", "extraLargeUrl": "https://digital.loblaws.ca/PCX/20773913_EA/en/1/20773913_en_front_1200.png", "smallRetinaUrl": "https://digital.loblaws.ca/PCX/20773913_EA/en/1/20773913_en_front_250.png", "mediumRetinaUrl": "https://digital.loblaws.ca/PCX/20773913_EA/en/1/20773913_en_front_400.png", "largeRetinaUrl": "https://digital.loblaws.ca/PCX/20773913_EA/en/1/20773913_en_front_800.png"}], "brand": "Neilson", "title": "2% Milk", "description": "Fresh, wholesome milk… naturally from Neilson.Since 1893, Neilson has stood for high quality dairy products. Neilson has always been committed to using the best ingredients, people and processes to produce great tasting quality milk you can depend on. Always fresh, always delicious and always an excellent source of calcium, protein and vitamin D.", "packageSizing": "237 ml, $0.86/100ml", "pricing": {"price": "2.03", "wasPrice": null, "displayPrice": "$2.03", "memberOnlyPrice": null, "mopDisplayPrice": null, "ehfTotal": null, "environmentalHandlingFee": null, "taxInfo": ""}, "pricingUnits": {"type": "SOLD_BY_EACH", "unit": "ea", "interval": 1, "minOrderQuantity": 1, "maxOrderQuantity": 24, "weighted": false}, "deal": null, "mopDeal": null, "pcoDeal": null, "inventoryIndicator": null, "offerType": "OG", "offerId": "OG", "action": null, "isVariant": false, "link": "/en/2-milk/p/20773913_EA", "productVendor": null, "productVariant": null, "textBadge": "", "variantTheme": null, "articleNumber": "20773913", "uom": "EA", "sponsoredCreative": null, "isSponsored": false, "isComplementarySponsored": false, "complementarySponsoredBadgeText": null, "productBadge": {"badgeId": "PREPARED_IN_CANADA", "badgeClass": "badge11", "text": "Prepared in Canada", "icon": {"url": "https://dis-prod.assetful.loblaw.ca/content/dam/loblaw-companies-limited/creative-assets/pc-optimum/global-list/maple-leaf-red.png", "altText": "", "placement": "LEFT"}}}}}
{"store": "Real Canadian Superstore", "site_slug": "realcanadiansuperstore", "source_url": "/search?search-bar=2% milk&page=1", "scrape_ts": "2026-01-02T05:23:53.441383Z", "external_id": "20025432002_EA", "name": "2% Lactose Free Milk", "brand": "Neilson", "size_text": "1 l, $0.46/100ml", "price": 4.59, "currency": "CAD", "unit_price": 0.46, "unit_price_uom": "100ml", "image_url": "https://digital.loblaws.ca/PCX/20025432002_EA/en/1/20025432002_en_front_v1_800.png", "category_path": null, "availability": "in_stock", "query_category": "2% milk", "raw_source": {"type": "next-data", "data": {"index": 33, "promotions": [], "productId": "20025432002_EA", "productImage": [{"imageUrl": "https://digital.loblaws.ca/PCX/20025432002_EA/en/1/20025432002_en_front_v1_1200.png", "thumbnailUrl": "https://digital.loblaws.ca/PCX/20025432002_EA/en/1/20025432002_en_front_v1_120.png", "smallUrl": "https://digital.loblaws.ca/PCX/20025432002_EA/en/1/20025432002_en_front_v1_250.png", "mediumUrl": "https://digital.loblaws.ca/PCX/20025432002_EA/en/1/20025432002_en_front_v1_400.png", "largeUrl": "https://digital.loblaws.ca/PCX/20025432002_EA/en/1/20025432002_en_front_v1_800.png", "extraLargeUrl": "https://digital.loblaws.ca/PCX/20025432002_EA/en/1/20025432002_en_front_v1_1200.png", "smallRetinaUrl": "https://digital.loblaws.ca/PCX/20025432002_EA/en/1/20025432002_en_front_v1_250.png", "mediumRetinaUrl": "https://digital.loblaws.ca/PCX/20025432002_EA/en/1/20025432002_en_front_v1_400.png", "largeRetinaUrl": "https://digital.loblaws.ca/PCX/20025432002_EA/en/1/20025432002_en_front_v1_800.png"}], "brand": "Neilson", "title": "2% Lactose Free Milk", "description": "Neilson TruTaste Lactose Free milk is easier to digest for those of you who suffer from lactose intolerance. It’s a fresh and delicious option that provides the calcium, protein, vitamins A and D that your body needs without sacrificing great taste. Taste wholesome goodness and savour the TruTaste difference!Neilson Trutaste, voted #1 Most Trusted Milk Brand by Brandspark.", "packageSizing": "1 l, $0.46/100ml", "pricing": {"price": "4.59", "wasPrice": null, "displayPrice": "$4.59", "memberOnlyPrice": null, "mopDisplayPrice": null, "ehfTotal": null, "environmentalHandlingFee": null, "taxInfo": ""}, "pricingUnits": {"type": "SOLD_BY_EACH", "unit": "ea", "interval": 1, "minOrderQuantity": 1, "maxOrderQuantity": 24, "weighted": false}, "deal": null, "mopDeal": null, "pcoDeal": null, "inventoryIndicator": null, "offerType": "OG", "offerId": "OG", "action": null, "isVariant": false, "link": "/en/2-lactose-free-milk/p/20025432002_EA", "productVendor": null, "productVariant": null, "textBadge": "", "variantTheme": null, "articleNumber": "20025432002", "uom": "EA", "sponsoredCreative": null, "isSponsored": false, "isComplementarySponsored": false, "complementarySponsoredBadgeText": null, "productBadge": {"badgeId": "PREPARED_IN_CANADA", "badgeClass": "badge11", "text": "Prepared in Canada", "icon": {"url": "https://dis-prod.assetful.loblaw.ca/content/dam/loblaw-companies-limited/creative-assets/pc-optimum/global-list/maple-leaf-red.png", "altText": "", "placement": "LEFT"}}}}}
{"store": "Real Canadian Superstore", "site_slug": "realcanadiansuperstore", "source_url": "/search?search-bar=2% milk&page=1", "scrape_ts": "2026-01-02T05:23:53.441383Z", "external_id": "21570018_C06", "name": "Tinytan Strawberry Flavoured Milk Drink 2.2% M.F.", "brand": "Binggrae", "size_text": "6x200.0 ml, $0.75/100ml", "price": 8.99, "currency": "CAD", "unit_price": 0.75, "unit_price_uom": "100ml", "image_url": "https://digital.loblaws.ca/PCX/21570018_C06/en/1/21570018_enfr_front_800.png", "category_path": null, "availability": "in_stock", "query_category": "2% milk", "raw_source": {"type": "next-data", "data": {"index": 34, "promotions": [], "productId": "21570018_C06", "productImage": [{"imageUrl": "https://digital.loblaws.ca/PCX/21570018_C06/en/1/21570018_enfr_front_1200.png", "thumbnailUrl": "https://digital.loblaws.ca/PCX/21570018_C06/en/1/21570018_enfr_front_120.png", "smallUrl": "https://digital.loblaws.ca/PCX/21570018_C06/en/1/21570018_enfr_front_250.png", "mediumUrl": "https://digital.loblaws.ca/PCX/21570018_C06/en/1/21570018_enfr_front_400.png", "largeUrl": "https://digital.loblaws.ca/PCX/21570018_C06/en/1/21570018_enfr_front_800.png", "extraLargeUrl": "https://digital.loblaws.ca/PCX/21570018_C06/en/1/21570018_enfr_front_1200.png", "smallRetinaUrl": "https://digital.loblaws.ca/PCX/21570018_C06/en/1/21570018_enfr_front_250.png", "mediumRetinaUrl": "https://digital.loblaws.ca/PCX/21570018_C06/en/1/21570018_enfr_front_400.png", "largeRetinaUrl": "https://digital.loblaws.ca/PCX/21570018_C06/en/1/21570018_enfr_front_800.png"}], "brand": "Binggrae", "title": "Tinytan Strawberry Flavoured Milk Drink 2.2% M.F.", "description": null, "packageSizing": "6x200.0 ml, $0.75/100ml", "pricing": {"price": "8.99", "wasPrice": null, "displayPrice": "$8.99", "memberOnlyPrice": null, "mopDisplayPrice": null, "ehfTotal": null, "environmentalHandlingFee": null, "taxInfo": ""}, "pricingUnits": {"type": "SOLD_BY_EACH", "unit": "ea", "interval": 1, "minOrderQuantity": 1, "maxOrderQuantity": 24, "weighted": false}, "deal": null, "mopDeal": null, "pcoDeal": null, "inventoryIndicator": null, "offerType": "OG", "offerId": "OG", "action": null, "isVariant": false, "link": "/en/tinytan-strawberry-flavoured-milk-drink-2-2-m-f/p/21570018_C06", "productVendor": null, "productVariant": null, "textBadge": "", "variantTheme": null, "articleNumber": "21570018", "uom": "C06", "sponsoredCreative": null, "isSponsored": false, "isComplementarySponsored": false, "complementarySponsoredBadgeText": null, "productBadge": null}}}
{"store": "Real Canadian Superstore", "site_slug": "realcanadiansuperstore", "source_url": "/search?search-bar=2% milk&page=1", "scrape_ts": "2026-01-02T05:23:53.441383Z", "external_id": "20896812_EA", "name": "2% Evaporated Partly Skimmed Milk", "brand": "Carnation", "size_text": "354 ml, $0.79/100ml", "price": 2.79, "currency": "CAD", "unit_price": 0.79, "unit_price_uom": "100ml", "image_url": "https://digital.loblaws.ca/PCX/20896812_EA/en/1/5900000312_en_front_centre_marketing_GS1_Ecommerce_800.png", "category_path": null, "availability": "in_stock", "query_category": "2% milk", "raw_source": {"type": "next-data", "data": {"index": 35, "promotions": [], "productId": "20896812_EA", "productImage": [{"imageUrl": "https://digital.loblaws.ca/PCX/20896812_EA/en/1/5900000312_en_front_centre_marketing_GS1_Ecommerce_1200.png", "thumbnailUrl": "https://digital.loblaws.ca/PCX/20896812_EA/en/1/5900000312_en_front_centre_marketing_GS1_Ecommerce_120.png", "smallUrl": "https://digital.loblaws.ca/PCX/20896812_EA/en/1/5900000312_en_front_centre_marketing_GS1_Ecommerce_250.png", "mediumUrl": "https://digital.loblaws.ca/PCX/20896812_EA/en/1/5900000312_en_front_centre_marketing_GS1_Ecommerce_400.png", "largeUrl": "https://digital.loblaws.ca/PCX/20896812_EA/en/1/5900000312_en_front_centre_marketing_GS1_Ecommerce_800.png", "extraLargeUrl": "https://digital.loblaws.ca/PCX/20896812_EA/en/1/5900000312_en_front_centre_marketing_GS1_Ecommerce_1200.png", "smallRetinaUrl": "https://digital.loblaws.ca/PCX/20896812_EA/en/1/5900000312_en_front_centre_marketing_GS1_Ecommerce_250.png", "mediumRetinaUrl": "https://digital.loblaws.ca/PCX/20896812_EA/en/1/5900000312_en_front_centre_marketing_GS1_Ecommerce_400.png", "largeRetinaUrl": "https://digital.loblaws.ca/PCX/20896812_EA/en/1/5900000312_en_front_centre_marketing_GS1_Ecommerce_800.png"}], "brand": "Carnation", "title": "2% Evaporated Partly Skimmed Milk", "description": "Carnation   2% Evaporated Partly Skimmed Milk is a shelf stable milk that is richer and creamier than milk because some of the water has been removed. With a slight carmelized flavour and only 2% fat, it's an easy and delicious ingredient to bake and cook with.", "packageSizing": "354 ml, $0.79/100ml", "pricing": {"price": "2.79", "wasPrice": null, "displayPrice": "$2.79", "memberOnlyPrice": null, "mopDisplayPrice": null, "ehfTotal": null, "environmentalHandlingFee": null, "taxInfo": ""}, "pricingUnits": {"type": "SOLD_BY_EACH", "unit": "ea", "interval": 1, "minOrderQuantity": 1, "maxOrderQuantity": 24, "weighted": false}, "deal": null, "mopDeal": null, "pcoDeal": null, "inventoryIndicator": null, "offerType": "OG", "offerId": "OG", "action": null, "isVariant": false, "link": "/en/2-evaporated-partly-skimmed-milk/p/20896812_EA", "productVendor": null, "productVariant": null, "textBadge": "", "variantTheme": null, "articleNumber": "20896812", "uom": "EA", "sponsoredCreative": null, "isSponsored": false, "isComplementarySponsored": false, "complementarySponsoredBadgeText": null, "productBadge": {"badgeId": "PREPARED_IN_CANADA", "badgeClass": "badge11", "text": "Prepared in Canada", "icon": {"url": "https://dis-prod.assetful.loblaw.ca/content/dam/loblaw-companies-limited/creative-assets/pc-optimum/global-list/maple-leaf-red.png", "altText": "", "placement": "LEFT"}}}}}
{"store": "Real Canadian Superstore", "site_slug": "realcanadiansuperstore", "source_url": "/search?search-bar=2% milk&page=1", "scrape_ts": "2026-01-02T05:23:53.441383Z", "external_id": "20047439_EA", "name": "1% Milk", "brand": "Neilson", "size_text": "4 l, $0.16/100ml", "price": 6.25, "currency": "CAD", "unit_price": 0.16, "unit_price_uom": "100ml", "image_url": "https://digital.loblaws.ca/PCX/20047439_EA/en/1/20047439_en_front_800.png", "category_path": null, "availability": "in_stock", "query_category": "2% milk", "raw_source": {"type": "next-data", "data": {"index": 36, "promotions": [], "productId": "20047439_EA", "productImage": [{"imageUrl": "https://digital.loblaws.ca/PCX/20047439_EA/en/1/20047439_en_front_1200.png", "thumbnailUrl": "https://digital.loblaws.ca/PCX/20047439_EA/en/1/20047439_en_front_120.png", "smallUrl": "https://digital.loblaws.ca/PCX/20047439_EA/en/1/20047439_en_front_250.png", "mediumUrl": "https://digital.loblaws.ca/PCX/20047439_EA/en/1/20047439_en_front_400.png", "largeUrl": "https://digital.loblaws.ca/PCX/20047439_EA/en/1/20047439_en_front_800.png", "extraLargeUrl": "https://digital.loblaws.ca/PCX/20047439_EA/en/1/20047439_en_front_1200.png", "smallRetinaUrl": "https://digital.loblaws.ca/PCX/20047439_EA/en/1/20047439_en_front_250.png", "mediumRetinaUrl": "https://digital.loblaws.ca/PCX/20047439_EA/en/1/20047439_en_front_400.png", "largeRetinaUrl": "https://digital.loblaws.ca/PCX/20047439_EA/en/1/20047439_en_front_800.png"}], "brand": "Neilson", "title": "1% Milk", "description": "Fresh, wholesome milk… naturally from Neilson.Since 1893, Neilson has stood for high quality dairy products. Neilson has always been committed to using the best ingredients, people and processes to produce great tasting quality milk you can depend on. Always fresh, always delicious and always an excellent source of calcium, protein and vitamin D.", "packageSizing": "4 l, $0.16/100ml", "pricing": {"price": "6.25", "wasPrice": null, "displayPrice": "$6.25", "memberOnlyPrice": null, "mopDisplayPrice": null, "ehfTotal": null, "environmentalHandlingFee": null, "taxInfo": ""}, "pricingUnits": {"type": "SOLD_BY_EACH", "unit": "ea", "interval": 1, "minOrderQuantity": 1, "maxOrderQuantity": 24, "weighted": false}, "deal": null, "mopDeal": null, "pcoDeal": null, "inventoryIndicator": null, "offerType": "OG", "offerId": "OG", "action": null, "isVariant": false, "link": "/en/1-milk/p/20047439_EA", "productVendor": null, "productVariant": null, "textBadge": "", "variantTheme": null, "articleNumber": "20047439", "uom": "EA", "sponsoredCreative": null, "isSponsored": false, "isComplementarySponsored": false, "complementarySponsoredBadgeText": null, "productBadge": {"badgeId": "PREPARED_IN_CANADA", "badgeClass": "badge11", "text": "Prepared in Canada", "icon": {"url": "https://dis-prod.assetful.loblaw.ca/content/dam/loblaw-companies-limited/creative-assets/pc-optimum/global-list/maple-leaf-red.png", "altText": "", "placement": "LEFT"}}}}}
{"store": "Real Canadian Superstore", "site_slug": "realcanadiansuperstore", "source_url": "/search?search-bar=2% milk&page=1", "scrape_ts": "2026-01-02T05:23:53.441383Z", "external_id": "20136554_EA", "name": "1% Microfiltered Milk", "brand": "Neilson", "size_text": "4 l, $0.17/100ml", "price": 6.88, "currency": "CAD", "unit_price": 0.17, "unit_price_uom": "100ml", "image_url": "https://digital.loblaws.ca/PCX/20136554_EA/en/1/20136554_en_front_v1_800.png", "category_path": null, "availability": "in_stock", "query_category": "2% milk", "raw_source": {"type": "next-data", "data": {"index": 37, "promotions": [], "productId": "20136554_EA", "productImage": [{"imageUrl": "https://digital.loblaws.ca/PCX/20136554_EA/en/1/20136554_en_front_v1_1200.png", "thumbnailUrl": "https://digital.loblaws.ca/PCX/20136554_EA/en/1/20136554_en_front_v1_120.png", "smallUrl": "https://digital.loblaws.ca/PCX/20136554_EA/en/1/20136554_en_front_v1_250.png", "mediumUrl": "https://digital.loblaws.ca/PCX/20136554_EA/en/1/20136554_en_front_v1_400.png", "largeUrl": "https://digital.loblaws.ca/PCX/20136554_EA/en/1/20136554_en_front_v1_800.png", "extraLargeUrl": "https://digital.loblaws.ca/PCX/20136554_EA/en/1/20136554_en_front_v1_1200.png", "smallRetinaUrl": "https://digital.loblaws.ca/PCX/20136554_EA/en/1/20136554_en_front_v1_250.png", "mediumRetinaUrl": "https://digital.loblaws.ca/PCX/20136554_EA/en/1/20136554_en_front_v1_400.png", "largeRetinaUrl": "https://digital.loblaws.ca/PCX/20136554_EA/en/1/20136554_en_front_v1_800.png"}], "brand": "Neilson", "title": "1% Microfiltered Milk", "description": "Fresh, wholesome milk… naturally from Neilson.Since 1893, Neilson has stood for high quality dairy products. Neilson has always been committed to using the best ingredients, people and processes to produce great tasting quality milk you can depend on. Always fresh, always delicious and always an excellent source of calcium, protein and vitamin D.", "packageSizing": "4 l, $0.17/100ml", "pricing": {"price": "6.88", "wasPrice": null, "displayPrice": "$6.88", "memberOnlyPrice": null, "mopDisplayPrice": null, "ehfTotal": null, "environmentalHandlingFee": null, "taxInfo": ""}, "pricingUnits": {"type": "SOLD_BY_EACH", "unit": "ea", "interval": 1, "minOrderQuantity": 1, "maxOrderQuantity": 24, "weighted": false}, "deal": null, "mopDeal": null, "pcoDeal": null, "inventoryIndicator": null, "offerType": "OG", "offerId": "OG", "action": null, "isVariant": false, "link": "/en/1-microfiltered-milk/p/20136554_EA", "productVendor": null, "productVariant": null, "textBadge": "", "variantTheme": null, "articleNumber": "20136554", "uom": "EA", "sponsoredCreative": null, "isSponsored": false, "isComplementarySponsored": false, "complementarySponsoredBadgeText": null, "productBadge": {"badgeId": "PREPARED_IN_CANADA", "badgeClass": "badge11", "text": "Prepared in Canada", "icon": {"url": "https://dis-prod.assetful.loblaw.ca/content/dam/loblaw-companies-limited/creative-assets/pc-optimum/global-list/maple-leaf-red.png", "altText": "", "placement": "LEFT"}}}}}
{"store": "Real Canadian Superstore", "site_slug": "realcanadiansuperstore", "source_url": "/search?search-bar=2% milk&page=1", "scrape_ts": "2026-01-02T05:23:53.441383Z", "external_id": "20160571_EA", "name": "3.25% Homogenized Milk", "brand": "Neilson", "size_text": "4 l, $0.18/100ml", "price": 7.25, "currency": "CAD", "unit_price": 0.18, "unit_price_uom": "100ml", "image_url": "https://digital.loblaws.ca/PCX/20160571_EA/en/1/20160571_en_front_800.png", "category_path": null, "availability": "in_stock", "query_category": "2% milk", "raw_source": {"type": "next-data", "data": {"index": 38, "promotions": [], "productId": "20160571_EA", "productImage": [{"imageUrl": "https://digital.loblaws.ca/PCX/20160571_EA/en/1/20160571_en_front_1200.png", "thumbnailUrl": "https://digital.loblaws.ca/PCX/20160571_EA/en/1/20160571_en_front_120.png", "smallUrl": "https://digital.loblaws.ca/PCX/20160571_EA/en/1/20160571_en_front_250.png", "mediumUrl": "https://digital.loblaws.ca/PCX/20160571_EA/en/1/20160571_en_front_400.png", "largeUrl": "https://digital.loblaws.ca/PCX/20160571_EA/en/1/20160571_en_front_800.png", "extraLargeUrl": "https://digital.loblaws.ca/PCX/20160571_EA/en/1/20160571_en_front_1200.png", "smallRetinaUrl": "https://digital.loblaws.ca/PCX/20160571_EA/en/1/20160571_en_front_250.png", "mediumRetinaUrl": "https://digital.loblaws.ca/PCX/20160571_EA/en/1/20160571_en_front_400.png", "largeRetinaUrl": "https://digital.loblaws.ca/PCX/20160571_EA/en/1/20160571_en_front_800.png"}], "brand": "Neilson", "title": "3.25% Homogenized Milk", "description": "Fresh, wholesome milk… naturally from Neilson.Since 1893, Neilson has stood for high quality dairy products. Neilson has always been committed to using the best ingredients, people and processes to produce great tasting quality milk you can depend on. Always fresh, always delicious and always an excellent source of calcium, protein and vitamin D.", "packageSizing": "4 l, $0.18/100ml", "pricing": {"price": "7.25", "wasPrice": null, "displayPrice": "$7.25", "memberOnlyPrice": null, "mopDisplayPrice": null, "ehfTotal": null, "environmentalHandlingFee": null, "taxInfo": ""}, "pricingUnits": {"type": "SOLD_BY_EACH", "unit": "ea", "interval": 1, "minOrderQuantity": 1, "maxOrderQuantity": 24, "weighted": false}, "deal": null, "mopDeal": null, "pcoDeal": null, "inventoryIndicator": null, "offerType": "OG", "offerId": "OG", "action": null, "isVariant": false, "link": "/en/3-25-homogenized-milk/p/20160571_EA", "productVendor": null, "productVariant": null, "textBadge": "", "variantTheme": null, "articleNumber": "20160571", "uom": "EA", "sponsoredCreative": null, "isSponsored": false, "isComplementarySponsored": false, "complementarySponsoredBadgeText": null, "productBadge": {"badgeId": "PREPARED_IN_CANADA", "badgeClass": "badge11", "text": "Prepared in Canada", "icon": {"url": "https://dis-prod.assetful.loblaw.ca/content/dam/loblaw-companies-limited/creative-assets/pc-optimum/global-list/maple-leaf-red.png", "altText": "", "placement": "LEFT"}}}}}
{"store": "Real Canadian Superstore", "site_slug": "realcanadiansuperstore", "source_url": "/search?search-bar=2% milk&page=1", "scrape_ts": "2026-01-02T05:23:53.441383Z", "external_id": "21425018_EA", "name": "Purfiltre Partially Skimmed Milk 1%", "brand": "Lactantia", "size_text": "2 l, $0.29/100ml", "price": 5.8, "currency": "CAD", "unit_price": 0.29, "unit_price_uom": "100ml", "image_url": "https://digital.loblaws.ca/PCX/21425018_EA/en/1/21425018_en_front_v1_800.png", "category_path": null, "availability": "in_stock", "query_category": "2% milk", "raw_source": {"type": "next-data", "data": {"index": 39, "promotions": [], "productId": "21425018_EA", "productImage": [{"imageUrl": "https://digital.loblaws.ca/PCX/21425018_EA/en/1/21425018_en_front_v1_1200.png", "thumbnailUrl": "https://digital.loblaws.ca/PCX/21425018_EA/en/1/21425018_en_front_v1_120.png", "smallUrl": "https://digital.loblaws.ca/PCX/21425018_EA/en/1/21425018_en_front_v1_250.png", "mediumUrl": "https://digital.loblaws.ca/PCX/21425018_EA/en/1/21425018_en_front_v1_400.png", "largeUrl": "https://digital.loblaws.ca/PCX/21425018_EA/en/1/21425018_en_front_v1_800.png", "extraLargeUrl": "https://digital.loblaws.ca/PCX/21425018_EA/en/1/21425018_en_front_v1_1200.png", "smallRetinaUrl": "https://digital.loblaws.ca/PCX/21425018_EA/en/1/21425018_en_front_v1_250.png", "mediumRetinaUrl": "https://digital.loblaws.ca/PCX/21425018_EA/en/1/21425018_en_front_v1_400.png", "largeRetinaUrl": "https://digital.loblaws.ca/PCX/21425018_EA/en/1/21425018_en_front_v1_800.png"}], "brand": "Lactantia", "title": "Purfiltre Partially Skimmed Milk 1%", "description": "<p>Taste the goodness every day with Lactantia PurFiltre 1% Filtered Partially Skimmed Milk. Sourced from Canadian dairies, every drop of this 100% Canadian milk is carefully filtered to provide a smooth, pure taste that stays fresh longer without preservatives. Source of calcium and protein, this low fat milk also contains vitamins A and D, making it a nutritious and delicious choice for the whole family. A delightful, refreshing choice on its own, with cereal, or in blended coffee drinks. Rediscover the farm-fresh flavour of fine filtered milk. Lactantia, for Milk Connoisseurs!</p><ul><li>Smooth and delicious filtered milk that stays fresh longer without preservatives</li><li>100% Canadian milk from Canadian dairies</li><li>Reduced fat, partially skimmed milk with 1% M.F.</li><li>Good source of calcium</li><li>9 g of protein per serving</li><li>Vitamins A & D</li><li>2 L</li></ul>", "packageSizing": "2 l, $0.29/100ml", "pricing": {"price": "5.80", "wasPrice": null, "displayPrice": "$5.80", "memberOnlyPrice": null, "mopDisplayPrice": null, "ehfTotal": null, "environmentalHandlingFee": null, "taxInfo": ""}, "pricingUnits": {"type": "SOLD_BY_EACH", "unit": "ea", "interval": 1, "minOrderQuantity": 1, "maxOrderQuantity": 24, "weighted": false}, "deal": null, "mopDeal": null, "pcoDeal": null, "inventoryIndicator": null, "offerType": "OG", "offerId": "OG", "action": null, "isVariant": false, "link": "/en/purfiltre-partially-skimmed-milk-1/p/21425018_EA", "productVendor": null, "productVariant": null, "textBadge": "", "variantTheme": null, "articleNumber": "21425018", "uom": "EA", "sponsoredCreative": null, "isSponsored": false, "isComplementarySponsored": false, "complementarySponsoredBadgeText": null, "productBadge": {"badgeId": "PREPARED_IN_CANADA", "badgeClass": "badge11", "text": "Prepared in Canada", "icon": {"url": "https://dis-prod.assetful.loblaw.ca/content/dam/loblaw-companies-limited/creative-assets/pc-optimum/global-list/maple-leaf-red.png", "altText": "", "placement": "LEFT"}}}}}
{"store": "Real Canadian Superstore", "site_slug": "realcanadiansuperstore", "source_url": "/search?search-bar=2% milk&page=1", "scrape_ts": "2026-01-02T05:23:53.441383Z", "external_id": "20091686_EA", "name": "3.25% Microfiltered Milk", "brand": "Neilson", "size_text": "4 l, $0.19/100ml", "price": 7.68, "currency": "CAD", "unit_price": 0.19, "unit_price_uom": "100ml", "image_url": "https://digital.loblaws.ca/PCX/20091686_EA/en/1/20091686_en_front_800.png", "category_path": null, "availability": "in_stock", "query_category": "2% milk", "raw_source": {"type": "next-data", "data": {"index": 40, "promotions": [], "productId": "20091686_EA", "productImage": [{"imageUrl": "https://digital.loblaws.ca/PCX/20091686_EA/en/1/20091686_en_front_1200.png", "thumbnailUrl": "https://digital.loblaws.ca/PCX/20091686_EA/en/1/20091686_en_front_120.png", "smallUrl": "https://digital.loblaws.ca/PCX/20091686_EA/en/1/20091686_en_front_250.png", "mediumUrl": "https://digital.loblaws.ca/PCX/20091686_EA/en/1/20091686_en_front_400.png", "largeUrl": "https://digital.loblaws.ca/PCX/20091686_EA/en/1/20091686_en_front_800.png", "extraLargeUrl": "https://digital.loblaws.ca/PCX/20091686_EA/en/1/20091686_en_front_1200.png", "smallRetinaUrl": "https://digital.loblaws.ca/PCX/20091686_EA/en/1/20091686_en_front_250.png", "mediumRetinaUrl": "https://digital.loblaws.ca/PCX/20091686_EA/en/1/20091686_en_front_400.png", "largeRetinaUrl": "https://digital.loblaws.ca/PCX/20091686_EA/en/1/20091686_en_front_800.png"}], "brand": "Neilson", "title": "3.25% Microfiltered Milk", "description": "Fresh, wholesome milk… naturally from Neilson.Since 1893, Neilson has stood for high quality dairy products. Neilson has always been committed to using the best ingredients, people and processes to produce great tasting quality milk you can depend on. Always fresh, always delicious and always an excellent source of calcium, protein and vitamin D.", "packageSizing": "4 l, $0.19/100ml", "pricing": {"price": "7.68", "wasPrice": null, "displayPrice": "$7.68", "memberOnlyPrice": null, "mopDisplayPrice": null, "ehfTotal": null, "environmentalHandlingFee": null, "taxInfo": ""}, "pricingUnits": {"type": "SOLD_BY_EACH", "unit": "ea", "interval": 1, "minOrderQuantity": 1, "maxOrderQuantity": 24, "weighted": false}, "deal": null, "mopDeal": null, "pcoDeal": null, "inventoryIndicator": null, "offerType": "OG", "offerId": "OG", "action": null, "isVariant": false, "link": "/en/3-25-microfiltered-milk/p/20091686_EA", "productVendor": null, "productVariant": null, "textBadge": "", "variantTheme": null, "articleNumber": "20091686", "uom": "EA", "sponsoredCreative": null, "isSponsored": false, "isComplementarySponsored": false, "complementarySponsoredBadgeText": null, "productBadge": {"badgeId": "PREPARED_IN_CANADA", "badgeClass": "badge11", "text": "Prepared in Canada", "icon": {"url": "https://dis-prod.assetful.loblaw.ca/content/dam/loblaw-companies-limited/creative-assets/pc-optimum/global-list/maple-leaf-red.png", "altText": "", "placement": "LEFT"}}}}}
{"store": "Real Canadian Superstore", "site_slug": "realcanadiansuperstore", "source_url": "/search?search-bar=2% milk&page=1", "scrape_ts": "2026-01-02T05:23:53.441383Z", "external_id": "20076709_EA", "name": "1% Milk", "brand": "Neilson", "size_text": "2 l, $0.27/100ml", "price": 5.32, "currency": "CAD", "unit_price": 0.27, "unit_price_uom": "100ml", "image_url": "https://digital.loblaws.ca/PCX/20076709_EA/en/1/20076709_en_front_800.png", "category_path": null, "availability": "in_stock", "query_category": "2% milk", "raw_source": {"type": "next-data", "data": {"index": 41, "promotions": [], "productId": "20076709_EA", "productImage": [{"imageUrl": "https://digital.loblaws.ca/PCX/20076709_EA/en/1/20076709_en_front_1200.png", "thumbnailUrl": "https://digital.loblaws.ca/PCX/20076709_EA/en/1/20076709_en_front_120.png", "smallUrl": "https://digital.loblaws.ca/PCX/20076709_EA/en/1/20076709_en_front_250.png", "mediumUrl": "https://digital.loblaws.ca/PCX/20076709_EA/en/1/20076709_en_front_400.png", "largeUrl": "https://digital.loblaws.ca/PCX/20076709_EA/en/1/20076709_en_front_800.png", "extraLargeUrl": "https://digital.loblaws.ca/PCX/20076709_EA/en/1/20076709_en_front_1200.png", "smallRetinaUrl": "https://digital.loblaws.ca/PCX/20076709_EA/en/1/20076709_en_front_250.png", "mediumRetinaUrl": "https://digital.loblaws.ca/PCX/20076709_EA/en/1/20076709_en_front_400.png", "largeRetinaUrl": "https://digital.loblaws.ca/PCX/20076709_EA/en/1/20076709_en_front_800.png"}], "brand": "Neilson", "title": "1% Milk", "description": "Fresh, wholesome milk… naturally from Neilson.Since 1893, Neilson has stood for high quality dairy products. Neilson has always been committed to using the best ingredients, people and processes to produce great tasting quality milk you can depend on. Always fresh, always delicious and always an excellent source of calcium, protein and vitamin D.", "packageSizing": "2 l, $0.27/100ml", "pricing": {"price": "5.32", "wasPrice": null, "displayPrice": "$5.32", "memberOnlyPrice": null, "mopDisplayPrice": null, "ehfTotal": null, "environmentalHandlingFee": null, "taxInfo": ""}, "pricingUnits": {"type": "SOLD_BY_EACH", "unit": "ea", "interval": 1, "minOrderQuantity": 1, "maxOrderQuantity": 24, "weighted": false}, "deal": null, "mopDeal": null, "pcoDeal": null, "inventoryIndicator": null, "offerType": "OG", "offerId": "OG", "action": null, "isVariant": false, "link": "/en/1-milk/p/20076709_EA", "productVendor": null, "productVariant": null, "textBadge": "", "variantTheme": null, "articleNumber": "20076709", "uom": "EA", "sponsoredCreative": null, "isSponsored": false, "isComplementarySponsored": false, "complementarySponsoredBadgeText": null, "productBadge": {"badgeId": "PREPARED_IN_CANADA", "badgeClass": "badge11", "text": "Prepared in Canada", "icon": {"url": "https://dis-prod.assetful.loblaw.ca/content/dam/loblaw-companies-limited/creative-assets/pc-optimum/global-list/maple-leaf-red.png", "altText": "", "placement": "LEFT"}}}}}
{"store": "Real Canadian Superstore", "site_slug": "realcanadiansuperstore", "source_url": "/search?search-bar=2% milk&page=1", "scrape_ts": "2026-01-02T05:23:53.441383Z", "external_id": "20185616_EA", "name": "1% Milk", "brand": "Neilson", "size_text": "1 l, $0.36/100ml", "price": 3.58, "currency": "CAD", "unit_price": 0.36, "unit_price_uom": "100ml", "image_url": "https://digital.loblaws.ca/PCX/20185616_EA/en/1/20185616_en_front_v1_800.png", "category_path": null, "availability": "in_stock", "query_category": "2% milk", "raw_source": {"type": "next-data", "data": {"index": 42, "promotions": [], "productId": "20185616_EA", "productImage": [{"imageUrl": "https://digital.loblaws.ca/PCX/20185616_EA/en/1/20185616_en_front_v1_1200.png", "thumbnailUrl": "https://digital.loblaws.ca/PCX/20185616_EA/en/1/20185616_en_front_v1_120.png", "smallUrl": "https://digital.loblaws.ca/PCX/20185616_EA/en/1/20185616_en_front_v1_250.png", "mediumUrl": "https://digital.loblaws.ca/PCX/20185616_EA/en/1/20185616_en_front_v1_400.png", "largeUrl": "https://digital.loblaws.ca/PCX/20185616_EA/en/1/20185616_en_front_v1_800.png", "extraLargeUrl": "https://digital.loblaws.ca/PCX/20185616_EA/en/1/20185616_en_front_v1_1200.png", "smallRetinaUrl": "https://digital.loblaws.ca/PCX/20185616_EA/en/1/20185616_en_front_v1_250.png", "mediumRetinaUrl": "https://digital.loblaws.ca/PCX/20185616_EA/en/1/20185616_en_front_v1_400.png", "largeRetinaUrl": "https://digital.loblaws.ca/PCX/20185616_EA/en/1/20185616_en_front_v1_800.png"}], "brand": "Neilson", "title": "1% Milk", "description": "Fresh, wholesome milk… naturally from Neilson.Since 1893, Neilson has stood for high quality dairy products. Neilson has always been committed to using the best ingredients, people and processes to produce great tasting quality milk you can depend on. Always fresh, always delicious and always an excellent source of calcium, protein and vitamin D.", "packageSizing": "1 l, $0.36/100ml", "pricing": {"price": "3.58", "wasPrice": null, "displayPrice": "$3.58", "memberOnlyPrice": null, "mopDisplayPrice": null, "ehfTotal": null, "environmentalHandlingFee": null, "taxInfo": ""}, "pricingUnits": {"type": "SOLD_BY_EACH", "unit": "ea", "interval": 1, "minOrderQuantity": 1, "maxOrderQuantity": 24, "weighted": false}, "deal": null, "mopDeal": null, "pcoDeal": null, "inventoryIndicator": null, "offerType": "OG", "offerId": "OG", "action": null, "isVariant": false, "link": "/en/1-milk/p/20185616_EA", "productVendor": null, "productVariant": null, "textBadge": "", "variantTheme": null, "articleNumber": "20185616", "uom": "EA", "sponsoredCreative": null, "isSponsored": false, "isComplementarySponsored": false, "complementarySponsoredBadgeText": null, "productBadge": {"badgeId": "PREPARED_IN_CANADA", "badgeClass": "badge11", "text": "Prepared in Canada", "icon": {"url": "https://dis-prod.assetful.loblaw.ca/content/dam/loblaw-companies-limited/creative-assets/pc-optimum/global-list/maple-leaf-red.png", "altText": "", "placement": "LEFT"}}}}}
{"store": "Real Canadian Superstore", "site_slug": "realcanadiansuperstore", "source_url": "/search?search-bar=2% milk&page=1", "scrape_ts": "2026-01-02T05:23:53.441383Z", "external_id": "20131121_EA", "name": "3.25% Microfiltered Milk", "brand": "Neilson", "size_text": "2 l, $0.30/100ml", "price": 5.99, "currency": "CAD", "unit_price": 0.3, "unit_price_uom": "100ml", "image_url": "https://digital.loblaws.ca/PCX/20131121_EA/en/1/20131121_en_front_800.png", "category_path": null, "availability": "out_of_stock", "query_category": "2% milk", "raw_source": {"type": "next-data", "data": {"index": 43, "promotions": [], "productId": "20131121_EA", "productImage": [{"imageUrl": "https://digital.loblaws.ca/PCX/20131121_EA/en/1/20131121_en_front_1200.png", "thumbnailUrl": "https://digital.loblaws.ca/PCX/20131121_EA/en/1/20131121_en_front_120.png", "smallUrl": "https://digital.loblaws.ca/PCX/20131121_EA/en/1/20131121_en_front_250.png", "mediumUrl": "https://digital.loblaws.ca/PCX/20131121_EA/en/1/20131121_en_front_400.png", "largeUrl": "https://digital.loblaws.ca/PCX/20131121_EA/en/1/20131121_en_front_800.png", "extraLargeUrl": "https://digital.loblaws.ca/PCX/20131121_EA/en/1/20131121_en_front_1200.png", "smallRetinaUrl": "https://digital.loblaws.ca/PCX/20131121_EA/en/1/20131121_en_front_250.png", "mediumRetinaUrl": "https://digital.loblaws.ca/PCX/20131121_EA/en/1/20131121_en_front_400.png", "largeRetinaUrl": "https://digital.loblaws.ca/PCX/20131121_EA/en/1/20131121_en_front_800.png"}], "brand": "Neilson", "title": "3.25% Microfiltered Milk", "description": "Fresh, wholesome milk… naturally from Neilson.Since 1893, Neilson has stood for high quality dairy products. Neilson has always been committed to using the best ingredients, people and processes to produce great tasting quality milk you can depend on. Always fresh, always delicious and always an excellent source of calcium, protein and vitamin D.", "packageSizing": "2 l, $0.30/100ml", "pricing": {"price": "5.99", "wasPrice": null, "displayPrice": "$5.99", "memberOnlyPrice": null, "mopDisplayPrice": null, "ehfTotal": null, "environmentalHandlingFee": null, "taxInfo": ""}, "pricingUnits": {"type": "SOLD_BY_EACH", "unit": "ea", "interval": 1, "minOrderQuantity": 1, "maxOrderQuantity": 24, "weighted": false}, "deal": null, "mopDeal": null, "pcoDeal": null, "inventoryIndicator": {"indicatorId": "OUT", "text": "Out of Stock"}, "offerType": "OG", "offerId": "OG", "action": null, "isVariant": false, "link": "/en/3-25-microfiltered-milk/p/20131121_EA", "productVendor": null, "productVariant": null, "textBadge": "out-of-stock", "variantTheme": null, "articleNumber": "20131121", "uom": "EA", "sponsoredCreative": null, "isSponsored": false, "isComplementarySponsored": false, "complementarySponsoredBadgeText": null, "productBadge": {"badgeId": "PREPARED_IN_CANADA", "badgeClass": "badge11", "text": "Prepared in Canada", "icon": {"url": "https://dis-prod.assetful.loblaw.ca/content/dam/loblaw-companies-limited/creative-assets/pc-optimum/global-list/maple-leaf-red.png", "altText": "", "placement": "LEFT"}}}}}
{"store": "Real Canadian Superstore", "site_slug": "realcanadiansuperstore", "source_url": "/search?search-bar=2% milk&page=1", "scrape_ts": "2026-01-02T05:23:53.441383Z", "external_id": "20126276_EA", "name": "1% Microfiltered Milk", "brand": "Neilson", "size_text": "2 l, $0.28/100ml", "price": 5.69, "currency": "CAD", "unit_price": 0.28, "unit_price_uom": "100ml", "image_url": "https://digital.loblaws.ca/PCX/20126276_EA/en/1/20126276_en_front_v1_800.png", "category_path": null, "availability": "in_stock", "query_category": "2% milk", "raw_source": {"type": "next-data", "data": {"index": 44, "promotions": [], "productId": "20126276_EA", "productImage": [{"imageUrl": "https://digital.loblaws.ca/PCX/20126276_EA/en/1/20126276_en_front_v1_1200.png", "thumbnailUrl": "https://digital.loblaws.ca/PCX/20126276_EA/en/1/20126276_en_front_v1_120.png", "smallUrl": "https://digital.loblaws.ca/PCX/20126276_EA/en/1/20126276_en_front_v1_250.png", "mediumUrl": "https://digital.loblaws.ca/PCX/20126276_EA/en/1/20126276_en_front_v1_400.png", "largeUrl": "https://digital.loblaws.ca/PCX/20126276_EA/en/1/20126276_en_front_v1_800.png", "extraLargeUrl": "https://digital.loblaws.ca/PCX/20126276_EA/en/1/20126276_en_front_v1_1200.png", "smallRetinaUrl": "https://digital.loblaws.ca/PCX/20126276_EA/en/1/20126276_en_front_v1_250.png", "mediumRetinaUrl": "https://digital.loblaws.ca/PCX/20126276_EA/en/1/20126276_en_front_v1_400.png", "largeRetinaUrl": "https://digital.loblaws.ca/PCX/20126276_EA/en/1/20126276_en_front_v1_800.png"}], "brand": "Neilson", "title": "1% Microfiltered Milk", "description": "Fresh, wholesome milk… naturally from Neilson.Since 1893, Neilson has stood for high quality dairy products. Neilson has always been committed to using the best ingredients, people and processes to produce great tasting quality milk you can depend on. Always fresh, always delicious and always an excellent source of calcium, protein and vitamin D.", "packageSizing": "2 l, $0.28/100ml", "pricing": {"price": "5.69", "wasPrice": null, "displayPrice": "$5.69", "memberOnlyPrice": null, "mopDisplayPrice": null, "ehfTotal": null, "environmentalHandlingFee": null, "taxInfo": ""}, "pricingUnits": {"type": "SOLD_BY_EACH", "unit": "ea", "interval": 1, "minOrderQuantity": 1, "maxOrderQuantity": 24, "weighted": false}, "deal": null, "mopDeal": null, "pcoDeal": null, "inventoryIndicator": null, "offerType": "OG", "offerId": "OG", "action": null, "isVariant": false, "link": "/en/1-microfiltered-milk/p/20126276_EA", "productVendor": null, "productVariant": null, "textBadge": "", "variantTheme": null, "articleNumber": "20126276", "uom": "EA", "sponsoredCreative": null, "isSponsored": false, "isComplementarySponsored": false, "complementarySponsoredBadgeText": null, "productBadge": {"badgeId": "PREPARED_IN_CANADA", "badgeClass": "badge11", "text": "Prepared in Canada", "icon": {"url": "https://dis-prod.assetful.loblaw.ca/content/dam/loblaw-companies-limited/creative-assets/pc-optimum/global-list/maple-leaf-red.png", "altText": "", "placement": "LEFT"}}}}}
{"store": "Real Canadian Superstore", "site_slug": "realcanadiansuperstore", "source_url": "/search?search-bar=2% milk&page=1", "scrape_ts": "2026-01-02T05:23:53.441383Z", "external_id": "20125636_EA", "name": "3.25% Homogenized Milk", "brand": "Neilson", "size_text": "2 l, $0.28/100ml", "price": 5.55, "currency": "CAD", "unit_price": 0.28, "unit_price_uom": "100ml", "image_url": "https://digital.loblaws.ca/PCX/20125636_EA/en/1/20125636_en_front_800.png", "category_path": null, "availability": "in_stock", "query_category": "2% milk", "raw_source": {"type": "next-data", "data": {"index": 45, "promotions": [], "productId": "20125636_EA", "productImage": [{"imageUrl": "https://digital.loblaws.ca/PCX/20125636_EA/en/1/20125636_en_front_1200.png", "thumbnailUrl": "https://digital.loblaws.ca/PCX/20125636_EA/en/1/20125636_en_front_120.png", "smallUrl": "https://digital.loblaws.ca/PCX/20125636_EA/en/1/20125636_en_front_250.png", "mediumUrl": "https://digital.loblaws.ca/PCX/20125636_EA/en/1/20125636_en_front_400.png", "largeUrl": "https://digital.loblaws.ca/PCX/20125636_EA/en/1/20125636_en_front_800.png", "extraLargeUrl": "https://digital.loblaws.ca/PCX/20125636_EA/en/1/20125636_en_front_1200.png", "smallRetinaUrl": "https://digital.loblaws.ca/PCX/20125636_EA/en/1/20125636_en_front_250.png", "mediumRetinaUrl": "https://digital.loblaws.ca/PCX/20125636_EA/en/1/20125636_en_front_400.png", "largeRetinaUrl": "https://digital.loblaws.ca/PCX/20125636_EA/en/1/20125636_en_front_800.png"}], "brand": "Neilson", "title": "3.25% Homogenized Milk", "description": "Fresh, wholesome milk… naturally from Neilson.Since 1893, Neilson has stood for high quality dairy products. Neilson has always been committed to using the best ingredients, people and processes to produce great tasting quality milk you can depend on. Always fresh, always delicious and always an excellent source of calcium, protein and vitamin D.", "packageSizing": "2 l, $0.28/100ml", "pricing": {"price": "5.55", "wasPrice": null, "displayPrice": "$5.55", "memberOnlyPrice": null, "mopDisplayPrice": null, "ehfTotal": null, "environmentalHandlingFee": null, "taxInfo": ""}, "pricingUnits": {"type": "SOLD_BY_EACH", "unit": "ea", "interval": 1, "minOrderQuantity": 1, "maxOrderQuantity": 24, "weighted": false}, "deal": null, "mopDeal": null, "pcoDeal": null, "inventoryIndicator": null, "offerType": "OG", "offerId": "OG", "action": null, "isVariant": false, "link": "/en/3-25-homogenized-milk/p/20125636_EA", "productVendor": null, "productVariant": null, "textBadge": "", "variantTheme": null, "articleNumber": "20125636", "uom": "EA", "sponsoredCreative": null, "isSponsored": false, "isComplementarySponsored": false, "complementarySponsoredBadgeText": null, "productBadge": {"badgeId": "PREPARED_IN_CANADA", "badgeClass": "badge11", "text": "Prepared in Canada", "icon": {"url": "https://dis-prod.assetful.loblaw.ca/content/dam/loblaw-companies-limited/creative-assets/pc-optimum/global-list/maple-leaf-red.png", "altText": "", "placement": "LEFT"}}}}}
{"store": "Real Canadian Superstore", "site_slug": "realcanadiansuperstore", "source_url": "/search?search-bar=2% milk&page=1", "scrape_ts": "2026-01-02T05:23:53.441383Z", "external_id": "21239130_EA", "name": "Ultrapur Ultra-Filtered Chocolate Milk 1%", "brand": "Lactantia", "size_text": "1.5 l, $0.43/100ml", "price": 6.49, "currency": "CAD", "unit_price": 0.43, "unit_price_uom": "100ml", "image_url": "https://digital.loblaws.ca/PCX/21239130_EA/en/1/21239130_en_front_v1_800.png", "category_path": null, "availability": "in_stock", "query_category": "2% milk", "raw_source": {"type": "next-data", "data": {"index": 46, "promotions": [], "productId": "21239130_EA", "productImage": [{"imageUrl": "https://digital.loblaws.ca/PCX/21239130_EA/en/1/21239130_en_front_v1_1200.png", "thumbnailUrl": "https://digital.loblaws.ca/PCX/21239130_EA/en/1/21239130_en_front_v1_120.png", "smallUrl": "https://digital.loblaws.ca/PCX/21239130_EA/en/1/21239130_en_front_v1_250.png", "mediumUrl": "https://digital.loblaws.ca/PCX/21239130_EA/en/1/21239130_en_front_v1_400.png", "largeUrl": "https://digital.loblaws.ca/PCX/21239130_EA/en/1/21239130_en_front_v1_800.png", "extraLargeUrl": "https://digital.loblaws.ca/PCX/21239130_EA/en/1/21239130_en_front_v1_1200.png", "smallRetinaUrl": "https://digital.loblaws.ca/PCX/21239130_EA/en/1/21239130_en_front_v1_250.png", "mediumRetinaUrl": "https://digital.loblaws.ca/PCX/21239130_EA/en/1/21239130_en_front_v1_400.png", "largeRetinaUrl": "https://digital.loblaws.ca/PCX/21239130_EA/en/1/21239130_en_front_v1_800.png"}], "brand": "Lactantia", "title": "Ultrapur Ultra-Filtered Chocolate Milk 1%", "description": "<p>Get more of what you want with a delicious twist with Lactantia UltraPur Chocolate Milk. This partly skimmed milk contains 50% more protein than regular chocolate milk and is made with no artificial sweeteners. Sourced from Canadian dairies, every drop of this high-protein 1% milk is carefully filtered to provide a smooth, pure taste that stays fresh longer without preservatives. Source of 10 essential nutrients, this low-fat milk is a nutritious and delicious choice for the whole family. Rediscover the power of farm-fresh flavour with ultrafiltered milk. Lactantia, for Milk Connoisseurs!</p><ul><li>Made with ultrafiltered milk that stays fresh longer without preservatives</li><li>Delicious chocolate flavour</li><li>No artificial sweeteners</li><li>100% Canadian milk from Canadian dairies</li><li>14g of protein per serving</li><li>1% M.F.</li><li>Source of 10 essential nutrients</li><li>No added sugar</li><li>1.5 L</li></ul>", "packageSizing": "1.5 l, $0.43/100ml", "pricing": {"price": "6.49", "wasPrice": null, "displayPrice": "$6.49", "memberOnlyPrice": null, "mopDisplayPrice": null, "ehfTotal": null, "environmentalHandlingFee": null, "taxInfo": ""}, "pricingUnits": {"type": "SOLD_BY_EACH", "unit": "ea", "interval": 1, "minOrderQuantity": 1, "maxOrderQuantity": 24, "weighted": false}, "deal": null, "mopDeal": null, "pcoDeal": null, "inventoryIndicator": null, "offerType": "OG", "offerId": "OG", "action": null, "isVariant": false, "link": "/en/ultrapur-ultra-filtered-chocolate-milk-1/p/21239130_EA", "productVendor": null, "productVariant": null, "textBadge": "", "variantTheme": null, "articleNumber": "21239130", "uom": "EA", "sponsoredCreative": null, "isSponsored": false, "isComplementarySponsored": false, "complementarySponsoredBadgeText": null, "productBadge": {"badgeId": "PREPARED_IN_CANADA", "badgeClass": "badge11", "text": "Prepared in Canada", "icon": {"url": "https://dis-prod.assetful.loblaw.ca/content/dam/loblaw-companies-limited/creative-assets/pc-optimum/global-list/maple-leaf-red.png", "altText": "", "placement": "LEFT"}}}}}
{"store": "Real Canadian Superstore", "site_slug": "realcanadiansuperstore", "source_url": "/search?search-bar=2% milk&page=1", "scrape_ts": "2026-01-02T05:23:53.441383Z", "external_id": "21212714_EA", "name": "Grass Fed 3.8% Milk", "brand": "Rolling Meadow", "size_text": "2 l, $0.37/100ml", "price": 7.49, "currency": "CAD", "unit_price": 0.37, "unit_price_uom": "100ml", "image_url": "https://digital.loblaws.ca/PCX/21212714_EA/en/1/6232580038_en_front_centre_marketing_GS1_Ecommerce_800.png", "category_path": null, "availability": "in_stock", "query_category": "2% milk", "raw_source": {"type": "next-data", "data": {"index": 47, "promotions": [], "productId": "21212714_EA", "productImage": [{"imageUrl": "https://digital.loblaws.ca/PCX/21212714_EA/en/1/6232580038_en_front_centre_marketing_GS1_Ecommerce_1200.png", "thumbnailUrl": "https://digital.loblaws.ca/PCX/21212714_EA/en/1/6232580038_en_front_centre_marketing_GS1_Ecommerce_120.png", "smallUrl": "https://digital.loblaws.ca/PCX/21212714_EA/en/1/6232580038_en_front_centre_marketing_GS1_Ecommerce_250.png", "mediumUrl": "https://digital.loblaws.ca/PCX/21212714_EA/en/1/6232580038_en_front_centre_marketing_GS1_Ecommerce_400.png", "largeUrl": "https://digital.loblaws.ca/PCX/21212714_EA/en/1/6232580038_en_front_centre_marketing_GS1_Ecommerce_800.png", "extraLargeUrl": "https://digital.loblaws.ca/PCX/21212714_EA/en/1/6232580038_en_front_centre_marketing_GS1_Ecommerce_1200.png", "smallRetinaUrl": "https://digital.loblaws.ca/PCX/21212714_EA/en/1/6232580038_en_front_centre_marketing_GS1_Ecommerce_250.png", "mediumRetinaUrl": "https://digital.loblaws.ca/PCX/21212714_EA/en/1/6232580038_en_front_centre_marketing_GS1_Ecommerce_400.png", "largeRetinaUrl": "https://digital.loblaws.ca/PCX/21212714_EA/en/1/6232580038_en_front_centre_marketing_GS1_Ecommerce_800.png"}], "brand": "Rolling Meadow", "title": "Grass Fed 3.8% Milk", "description": "Elevate your daily routine with Grass Fed 3. 8 % Milk from Rolling Meadow. Make a creamy morning coffee or whip up a comforting homemade pudding, all while enjoying the rich texture and flavour. This milk promises to be a great addition to your kitchen staples, perfect for various everyday recipes.", "packageSizing": "2 l, $0.37/100ml", "pricing": {"price": "7.49", "wasPrice": "$8.49", "displayPrice": "$7.49", "memberOnlyPrice": null, "mopDisplayPrice": null, "ehfTotal": null, "environmentalHandlingFee": null, "taxInfo": ""}, "pricingUnits": {"type": "SOLD_BY_EACH", "unit": "ea", "interval": 1, "minOrderQuantity": 1, "maxOrderQuantity": 24, "weighted": false}, "deal": {"type": "SALE", "text": "SAVE $1.00", "points": 0, "name": "SALE", "expiryDate": "2026-01-28T00:00:00Z", "dealPrice": null}, "mopDeal": null, "pcoDeal": null, "inventoryIndicator": null, "offerType": "OG", "offerId": "OG", "action": null, "isVariant": false, "link": "/en/grass-fed-3-8-milk/p/21212714_EA", "productVendor": null, "productVariant": null, "textBadge": "", "variantTheme": null, "articleNumber": "21212714", "uom": "EA", "sponsoredCreative": null, "isSponsored": false, "isComplementarySponsored": false, "complementarySponsoredBadgeText": null, "productBadge": {"badgeId": "PREPARED_IN_CANADA", "badgeClass": "badge11", "text": "Prepared in Canada", "icon": {"url": "https://dis-prod.assetful.loblaw.ca/content/dam/loblaw-companies-limited/creative-assets/pc-optimum/global-list/maple-leaf-red.png", "altText": "", "placement": "LEFT"}}}}}
{"store": "Real Canadian Superstore", "site_slug": "realcanadiansuperstore", "source_url": "/search?search-bar=2% milk&page=1", "scrape_ts": "2026-01-02T05:23:53.441383Z", "external_id": "21424994_EA", "name": "PūrFiltre Milk 3.25% Homogenized", "brand": "Lactantia", "size_text": "2 l, $0.31/100ml", "price": 6.1, "currency": "CAD", "unit_price": 0.31, "unit_price_uom": "100ml", "image_url": "https://digital.loblaws.ca/PCX/21424994_EA/en/1/21424994_en_front_800.png", "category_path": null, "availability": "in_stock", "query_category": "2% milk", "raw_source": {"type": "next-data", "data": {"index": 48, "promotions": [], "productId": "21424994_EA", "productImage": [{"imageUrl": "https://digital.loblaws.ca/PCX/21424994_EA/en/1/21424994_en_front_1200.png", "thumbnailUrl": "https://digital.loblaws.ca/PCX/21424994_EA/en/1/21424994_en_front_120.png", "smallUrl": "https://digital.loblaws.ca/PCX/21424994_EA/en/1/21424994_en_front_250.png", "mediumUrl": "https://digital.loblaws.ca/PCX/21424994_EA/en/1/21424994_en_front_400.png", "largeUrl": "https://digital.loblaws.ca/PCX/21424994_EA/en/1/21424994_en_front_800.png", "extraLargeUrl": "https://digital.loblaws.ca/PCX/21424994_EA/en/1/21424994_en_front_1200.png", "smallRetinaUrl": "https://digital.loblaws.ca/PCX/21424994_EA/en/1/21424994_en_front_250.png", "mediumRetinaUrl": "https://digital.loblaws.ca/PCX/21424994_EA/en/1/21424994_en_front_400.png", "largeRetinaUrl": "https://digital.loblaws.ca/PCX/21424994_EA/en/1/21424994_en_front_800.png"}], "brand": "Lactantia", "title": "PūrFiltre Milk 3.25% Homogenized", "description": null, "packageSizing": "2 l, $0.31/100ml", "pricing": {"price": "6.10", "wasPrice": null, "displayPrice": "$6.10", "memberOnlyPrice": null, "mopDisplayPrice": null, "ehfTotal": null, "environmentalHandlingFee": null, "taxInfo": ""}, "pricingUnits": {"type": "SOLD_BY_EACH", "unit": "ea", "interval": 1, "minOrderQuantity": 1, "maxOrderQuantity": 24, "weighted": false}, "deal": null, "mopDeal": null, "pcoDeal": null, "inventoryIndicator": null, "offerType": "OG", "offerId": "OG", "action": null, "isVariant": false, "link": "/en/p-rfiltre-milk-3-25-homogenized/p/21424994_EA", "productVendor": null, "productVariant": null, "textBadge": "", "variantTheme": null, "articleNumber": "21424994", "uom": "EA", "sponsoredCreative": null, "isSponsored": false, "isComplementarySponsored": false, "complementarySponsoredBadgeText": null, "productBadge": {"badgeId": "PREPARED_IN_CANADA", "badgeClass": "badge11", "text": "Prepared in Canada", "icon": {"url": "https://dis-prod.assetful.loblaw.ca/content/dam/loblaw-companies-limited/creative-assets/pc-optimum/global-list/maple-leaf-red.png", "altText": "", "placement": "LEFT"}}}}}
{"store": "Real Canadian Superstore", "site_slug": "realcanadiansuperstore", "source_url": "/search?search-bar=2% milk&page=1", "scrape_ts": "2026-01-02T05:23:53.441383Z", "external_id": "21065263_EA", "name": "1% Chocolate Partly Skimmed Milk", "brand": "Milk 2 Go", "size_text": "6x200.0 ml, $540.83/100ml", "price": 6.49, "currency": "CAD", "unit_price": 540.83, "unit_price_uom": "100ml", "image_url": "https://digital.loblaws.ca/PCX/21065263_EA/en/1/21065263_en_front_v1_800.png", "category_path": null, "availability": "in_stock", "query_category": "2% milk", "raw_source": {"type": "next-data", "data": {"index": 49, "promotions": [], "productId": "21065263_EA", "productImage": [{"imageUrl": "https://digital.loblaws.ca/PCX/21065263_EA/en/1/21065263_en_front_v1_1200.png", "thumbnailUrl": "https://digital.loblaws.ca/PCX/21065263_EA/en/1/21065263_en_front_v1_120.png", "smallUrl": "https://digital.loblaws.ca/PCX/21065263_EA/en/1/21065263_en_front_v1_250.png", "mediumUrl": "https://digital.loblaws.ca/PCX/21065263_EA/en/1/21065263_en_front_v1_400.png", "largeUrl": "https://digital.loblaws.ca/PCX/21065263_EA/en/1/21065263_en_front_v1_800.png", "extraLargeUrl": "https://digital.loblaws.ca/PCX/21065263_EA/en/1/21065263_en_front_v1_1200.png", "smallRetinaUrl": "https://digital.loblaws.ca/PCX/21065263_EA/en/1/21065263_en_front_v1_250.png", "mediumRetinaUrl": "https://digital.loblaws.ca/PCX/21065263_EA/en/1/21065263_en_front_v1_400.png", "largeRetinaUrl": "https://digital.loblaws.ca/PCX/21065263_EA/en/1/21065263_en_front_v1_800.png"}], "brand": "Milk 2 Go", "title": "1% Chocolate Partly Skimmed Milk", "description": "This Milk2Go chocolate flavoured milk will redefine your idea of chocolate milk and the amount of deliciousness that can fit inside a bottle. Milk2Go is the right balance of fun and convenience. We are committed to providing nutritious, delicious, Canadian-produced milk with no preservatives. Milk2Go, the perfect on the go snack for everyone. ", "packageSizing": "6x200.0 ml, $540.83/100ml", "pricing": {"price": "6.49", "wasPrice": null, "displayPrice": "$6.49", "memberOnlyPrice": null, "mopDisplayPrice": null, "ehfTotal": null, "environmentalHandlingFee": null, "taxInfo": ""}, "pricingUnits": {"type": "SOLD_BY_EACH", "unit": "ea", "interval": 1, "minOrderQuantity": 1, "maxOrderQuantity": 24, "weighted": false}, "deal": null, "mopDeal": null, "pcoDeal": null, "inventoryIndicator": null, "offerType": "OG", "offerId": "OG", "action": null, "isVariant": false, "link": "/en/1-chocolate-partly-skimmed-milk/p/21065263_EA", "productVendor": null, "productVariant": null, "textBadge": "", "variantTheme": null, "articleNumber": "21065263", "uom": "EA", "sponsoredCreative": null, "isSponsored": false, "isComplementarySponsored": false, "complementarySponsoredBadgeText": null, "productBadge": {"badgeId": "PREPARED_IN_CANADA", "badgeClass": "badge11", "text": "Prepared in Canada", "icon": {"url": "https://dis-prod.assetful.loblaw.ca/content/dam/loblaw-companies-limited/creative-assets/pc-optimum/global-list/maple-leaf-red.png", "altText": "", "placement": "LEFT"}}}}}
{"store": "Real Canadian Superstore", "site_slug": "realcanadiansuperstore", "source_url": "/search?search-bar=2% milk&page=1", "scrape_ts": "2026-01-02T05:23:53.441383Z", "external_id": "21694606_EA", "name": "Ultrapur Protein Ultra-Filtered Milk 3.25%", "brand": "Lactantia", "size_text": "1.5 l, $0.43/100ml", "price": 6.49, "currency": "CAD", "unit_price": 0.43, "unit_price_uom": "100ml", "image_url": "https://digital.loblaws.ca/PCX/21694606_EA/en/1/21694606_en_front_v1_800.png", "category_path": null, "availability": "in_stock", "query_category": "2% milk", "raw_source": {"type": "next-data", "data": {"index": 50, "promotions": [], "productId": "21694606_EA", "productImage": [{"imageUrl": "https://digital.loblaws.ca/PCX/21694606_EA/en/1/21694606_en_front_v1_1200.png", "thumbnailUrl": "https://digital.loblaws.ca/PCX/21694606_EA/en/1/21694606_en_front_v1_120.png", "smallUrl": "https://digital.loblaws.ca/PCX/21694606_EA/en/1/21694606_en_front_v1_250.png", "mediumUrl": "https://digital.loblaws.ca/PCX/21694606_EA/en/1/21694606_en_front_v1_400.png", "largeUrl": "https://digital.loblaws.ca/PCX/21694606_EA/en/1/21694606_en_front_v1_800.png", "extraLargeUrl": "https://digital.loblaws.ca/PCX/21694606_EA/en/1/21694606_en_front_v1_1200.png", "smallRetinaUrl": "https://digital.loblaws.ca/PCX/21694606_EA/en/1/21694606_en_front_v1_250.png", "mediumRetinaUrl": "https://digital.loblaws.ca/PCX/21694606_EA/en/1/21694606_en_front_v1_400.png", "largeRetinaUrl": "https://digital.loblaws.ca/PCX/21694606_EA/en/1/21694606_en_front_v1_800.png"}], "brand": "Lactantia", "title": "Ultrapur Protein Ultra-Filtered Milk 3.25%", "description": "<p>Get more of what you want with Lactantia UltraPur Ultrafiltered Milk. Unlike regular milk, this whole high protein milk is also ideal for those who require lactose free milk. Sourced from Canadian dairies, every drop of this 3.25% high-protein milk is carefully filtered to provide a smooth, pure taste that stays fresh longer without preservatives. Source of 10 essential nutrients and no sugar added, this homogenized milk is a nutritious and delicious choice for the whole family. A delightful, refreshing choice on its own, with cereal, or in blended coffee drinks. Rediscover the power of farm-fresh flavour with ultrafiltered milk. Lactantia, for Milk Connoisseurs!</p><ul><li>Made with ultrafiltered milk that stays fresh longer without preservatives</li><li>100% Canadian milk from Canadian dairies</li><li>20g of protein per serving</li><li>Lactose free</li><li>3.25% M.F.</li><li>Source of 10 essential nutrients</li><li>No added sugar</li><li>1.5 L</li></ul>", "packageSizing": "1.5 l, $0.43/100ml", "pricing": {"price": "6.49", "wasPrice": null, "displayPrice": "$6.49", "memberOnlyPrice": null, "mopDisplayPrice": null, "ehfTotal": null, "environmentalHandlingFee": null, "taxInfo": ""}, "pricingUnits": {"type": "SOLD_BY_EACH", "unit": "ea", "interval": 1, "minOrderQuantity": 1, "maxOrderQuantity": 25, "weighted": false}, "deal": null, "mopDeal": null, "pcoDeal": null, "inventoryIndicator": {"indicatorId": "LOW", "text": "Low Stock"}, "offerType": "OG", "offerId": "OG", "action": null, "isVariant": false, "link": "/en/ultrapur-protein-ultra-filtered-milk-3-25/p/21694606_EA", "productVendor": null, "productVariant": null, "textBadge": "low-inventory", "variantTheme": null, "articleNumber": "21694606", "uom": "EA", "sponsoredCreative": null, "isSponsored": false, "isComplementarySponsored": false, "complementarySponsoredBadgeText": null, "productBadge": null}}}
{"store": "Real Canadian Superstore", "site_slug": "realcanadiansuperstore", "source_url": "/search?search-bar=2% milk&page=1", "scrape_ts": "2026-01-02T05:23:53.441383Z", "external_id": "20178677_EA", "name": "3.25% Homogenized Milk", "brand": "Neilson", "size_text": "1 l, $0.38/100ml", "price": 3.81, "currency": "CAD", "unit_price": 0.38, "unit_price_uom": "100ml", "image_url": "https://digital.loblaws.ca/PCX/20178677_EA/en/1/20178677_en_front_800.png", "category_path": null, "availability": "in_stock", "query_category": "2% milk", "raw_source": {"type": "next-data", "data": {"index": 51, "promotions": [], "productId": "20178677_EA", "productImage": [{"imageUrl": "https://digital.loblaws.ca/PCX/20178677_EA/en/1/20178677_en_front_1200.png", "thumbnailUrl": "https://digital.loblaws.ca/PCX/20178677_EA/en/1/20178677_en_front_120.png", "smallUrl": "https://digital.loblaws.ca/PCX/20178677_EA/en/1/20178677_en_front_250.png", "mediumUrl": "https://digital.loblaws.ca/PCX/20178677_EA/en/1/20178677_en_front_400.png", "largeUrl": "https://digital.loblaws.ca/PCX/20178677_EA/en/1/20178677_en_front_800.png", "extraLargeUrl": "https://digital.loblaws.ca/PCX/20178677_EA/en/1/20178677_en_front_1200.png", "smallRetinaUrl": "https://digital.loblaws.ca/PCX/20178677_EA/en/1/20178677_en_front_250.png", "mediumRetinaUrl": "https://digital.loblaws.ca/PCX/20178677_EA/en/1/20178677_en_front_400.png", "largeRetinaUrl": "https://digital.loblaws.ca/PCX/20178677_EA/en/1/20178677_en_front_800.png"}], "brand": "Neilson", "title": "3.25% Homogenized Milk", "description": "Fresh, wholesome milk… naturally from Neilson.Since 1893, Neilson has stood for high quality dairy products. Neilson has always been committed to using the best ingredients, people and processes to produce great tasting quality milk you can depend on. Always fresh, always delicious and always an excellent source of calcium, protein and vitamin D.", "packageSizing": "1 l, $0.38/100ml", "pricing": {"price": "3.81", "wasPrice": null, "displayPrice": "$3.81", "memberOnlyPrice": null, "mopDisplayPrice": null, "ehfTotal": null, "environmentalHandlingFee": null, "taxInfo": ""}, "pricingUnits": {"type": "SOLD_BY_EACH", "unit": "ea", "interval": 1, "minOrderQuantity": 1, "maxOrderQuantity": 24, "weighted": false}, "deal": null, "mopDeal": null, "pcoDeal": null, "inventoryIndicator": null, "offerType": "OG", "offerId": "OG", "action": null, "isVariant": false, "link": "/en/3-25-homogenized-milk/p/20178677_EA", "productVendor": null, "productVariant": null, "textBadge": "", "variantTheme": null, "articleNumber": "20178677", "uom": "EA", "sponsoredCreative": null, "isSponsored": false, "isComplementarySponsored": false, "complementarySponsoredBadgeText": null, "productBadge": {"badgeId": "PREPARED_IN_CANADA", "badgeClass": "badge11", "text": "Prepared in Canada", "icon": {"url": "https://dis-prod.assetful.loblaw.ca/content/dam/loblaw-companies-limited/creative-assets/pc-optimum/global-list/maple-leaf-red.png", "altText": "", "placement": "LEFT"}}}}}
