{"store": "Sobeys", "site_slug": "sobeys", "source_url": "https://www.sobeys.com/product/hata-flavoured-ramune-soda-strawberry-200-ml-(bottle)", "scrape_ts": "2025-12-26T04:20:17.352389Z", "external_id": "490249409014", "name": "Hata Flavoured Ramune Soda Strawberry 200 ml (bottle)", "brand": "Hata", "size_text": "0.605 KG EA", "price": 3.29, "currency": "CAD", "unit_price": 5.44, "unit_price_uom": "KG", "image_url": "https://media.sobeys.com/original/324_EA_ml_primary_front_NA_041724_VOILA_05b056f8565989dc53338386907d5f82451a0c87.JPG", "category_path": "Dairy & Eggs > Milk > Flavoured Milk", "availability": "in_stock", "raw_source": {"storageInstructions": "2 C - 28 C", "keywords": [], "channel": "Voila", "description": "", "discount": 0, "scaleLabelFixedWeightConcat": "", "hierarchicalCategories": {"lvl2": ["Dairy & Eggs > Milk > Flavoured Milk", "Drinks > Soft Drinks > Other Soft Drinks"], "lvl0": ["Lunar New Year", "International Foods", "Dairy & Eggs", "Drinks"], "lvl1": ["International Foods > East Asian", "Dairy & Eggs > Milk", "Drinks > Soft Drinks"]}, "priceQuantity": "1", "createdAt": 1766707200, "uom": "EA", "articleNumber": "324", "nutritionalInformation": {"sugarRoundedOffValue": 0, "calciumValuePercentage": "", "proteinRoundedOffValue": 0, "saturatedAndTransFatValuePercentage": 0, "fatRoundedOffValue": 0, "vitaminAValuePercentage": 0, "sobeysMayContain": "", "sugarAlcoholRoundedOffValue": 0, "omega6PublishNutritional": 0, "ingredients": [""], "omega3PublishNutritional": 0, "caloriesRoundedOffValue": 0, "saturatedAndTransFatRoundedOffValue": 0, "servingSize": "", "proteinValuePercentage": "", "fibreValuePercentage": 0, "sodiumValuePercentage": 0, "polyunsaturatedPublishNutritional": "", "potassiumValuePercentage": 0, "potassiumRoundedOffValue": 0, "carbohydratesRoundedOffValue": 0, "servingUOM": "", "calciumRoundedOffValue": "", "vitaminCValuePercentage": 0, "fibreRoundedOffValue": 0, "sugarValuePercentage": 0, "transFatRoundedOffValue": 0, "fatValuePercentage": 0, "ironRoundedOffValue": "", "metricServingSizeRoundedOffValue": 0, "cholesterolRoundedOffValue": 0, "householdMeasureQuantity": "", "saturatedFatRoundedOffValue": 0, "saturatedFatValuePercentage": "", "householdUOM": "", "carbohydratesValuePercentage": "", "ironValuePercentage": "", "sodiumRoundedOffValue": 0, "cholesterolValuePercentage": ""}, "price": 3.29, "milkFatContentRoundedOffPercentage": "", "itemPackCount": 1, "moistureContentRoundedOffPercentage": "", "scenePlusPoints": 0, "discountType": "", "inStock": true, "categories": ["Lunar New Year", "International Foods", "East Asian", "Dairy & Eggs", "Milk", "Flavoured Milk", "Drinks", "Soft Drinks", "Other Soft Drinks"], "brand": "Hata", "itemAmountUnit": "ML", "updatedAt": 1766717116, "milkFatContentPercentageConcat": "", "images": ["https://media.sobeys.com/original/324_EA_ml_primary_front_NA_041724_VOILA_05b056f8565989dc53338386907d5f82451a0c87.JPG", "https://media.sobeys.com/screen/324_EA_ml_primary_front_NA_041724_VOILA-S_72f2805e15dcfed845acbeb3714e5c8058dd39c0.JPG", "https://media.sobeys.com/thumb/324_EA_ml_primary_front_NA_041724_VOILA-S-T_c870e6ad70bd7a6bd29a3a2451c26619c62ea09d.JPG"], "gtin": "490249409014", "pageSlug": "hata-flavoured-ramune-soda-strawberry-200-ml-(bottle)", "productOfCanada": false, "upc": "", "weight": "0.605 KG", "seasonedRequired": false, "activePromotion": false, "scaleLabelFixedWeightUOM": "", "isVisible": true, "storeId": "4908", "itemAmountValue": "200", "allergens": {"alcohol": false, "nutFree": false, "peanutFree": false, "mustardFree": false, "glutenFree": false, "vegan": false, "kosher": false, "shellfishFree": false, "oatFree": false, "sulphitesFree": false, "eggFree": false, "sesameFree": false, "lactoseFree": false, "vegetarian": false, "milkFree": false, "halal": false, "tobacco": false, "wheatFree": false, "soyaFree": false, "organic": false}, "moistureContentPercentageConcat": "", "monounsaturatedPublishNutritional": "", "name": "Hata Flavoured Ramune Soda Strawberry 200 ml (bottle)", "linkeditem": false, "durableLifeCustomerShelfLife": "", "isMassOffers": false, "countryOfOrigin": "", "inventoryLevel": 0, "scaleLabelFixedWeight": "", "promotions": [], "objectID": "324_EA_4908", "_highlightResult": {"description": {"value": "", "matchLevel": "none", "matchedWords": []}, "articleNumber": {"value": "324", "matchLevel": "none", "matchedWords": []}, "nutritionalInformation": {"ingredients": [{"value": "", "matchLevel": "none", "matchedWords": []}]}, "categories": [{"value": "Lunar New Year", "matchLevel": "none", "matchedWords": []}, {"value": "International Foods", "matchLevel": "none", "matchedWords": []}, {"value": "East Asian", "matchLevel": "none", "matchedWords": []}, {"value": "Dairy & Eggs", "matchLevel": "none", "matchedWords": []}, {"value": "<em>Milk</em>", "matchLevel": "full", "fullyHighlighted": true, "matchedWords": ["milk"]}, {"value": "Flavoured <em>Milk</em>", "matchLevel": "full", "fullyHighlighted": false, "matchedWords": ["milk"]}, {"value": "Drinks", "matchLevel": "none", "matchedWords": []}, {"value": "Soft Drinks", "matchLevel": "none", "matchedWords": []}, {"value": "Other Soft Drinks", "matchLevel": "none", "matchedWords": []}], "brand": {"value": "Hata", "matchLevel": "none", "matchedWords": []}, "upc": {"value": "", "matchLevel": "none", "matchedWords": []}, "name": {"value": "Hata Flavoured Ramune Soda Strawberry 200 ml (bottle)", "matchLevel": "none", "matchedWords": []}, "countryOfOrigin": {"value": "", "matchLevel": "none", "matchedWords": []}}}}
{"store": "Sobeys", "site_slug": "sobeys", "source_url": "https://www.sobeys.com/product/natrel-organic-fat-free--0--skim-milk--2-l", "scrape_ts": "2025-12-26T04:20:17.352389Z", "external_id": "055872500110", "name": "Natrel Organic Fat Free  0% Skim Milk  2 L", "brand": "Natrel", "size_text": "2.12 KG EA", "price": 7.49, "currency": "CAD", "unit_price": 3.53, "unit_price_uom": "KG", "image_url": "https://media.sobeys.com/original/754000000025700000000038909657_VOILA_6936061a19efb6f1c51b3471613e7b42d5e441dc.JPG", "category_path": "Dairy & Eggs > Milk > Dairy Milk", "availability": "in_stock", "raw_source": {"storageInstructions": "2 C - 5 C", "keywords": [], "channel": "Voila", "description": "This Organic Filtered 0% Milk comes from Canadian dairy farms dedicated to organic farming principles.", "discount": 0, "scaleLabelFixedWeightConcat": "", "hierarchicalCategories": {"lvl2": ["Dairy & Eggs > Milk > Dairy Milk"], "lvl0": ["Dairy & Eggs"], "lvl1": ["Dairy & Eggs > Milk"]}, "priceQuantity": "1", "createdAt": 1766534400, "uom": "EA", "articleNumber": "641023", "nutritionalInformation": {"sugarRoundedOffValue": 12, "calciumValuePercentage": "", "proteinRoundedOffValue": 9, "saturatedAndTransFatValuePercentage": 5, "fatRoundedOffValue": 0.2, "vitaminAValuePercentage": 17, "sobeysMayContain": "", "sugarAlcoholRoundedOffValue": 0, "omega6PublishNutritional": 0, "ingredients": ["Skim Organic Milk, Vitamin A Palmitate, Vitamin D3."], "omega3PublishNutritional": 0, "caloriesRoundedOffValue": 90, "saturatedAndTransFatRoundedOffValue": 1, "servingSize": "250 mL", "proteinValuePercentage": "", "fibreValuePercentage": 0, "sodiumValuePercentage": 5, "polyunsaturatedPublishNutritional": "", "potassiumValuePercentage": 10, "potassiumRoundedOffValue": 350, "carbohydratesRoundedOffValue": 12, "servingUOM": "mL", "calciumRoundedOffValue": "", "vitaminCValuePercentage": 0, "fibreRoundedOffValue": 0, "sugarValuePercentage": 12, "transFatRoundedOffValue": 0, "fatValuePercentage": 1, "ironRoundedOffValue": "", "metricServingSizeRoundedOffValue": 250, "cholesterolRoundedOffValue": 5, "householdMeasureQuantity": "", "saturatedFatRoundedOffValue": 1, "saturatedFatValuePercentage": "", "householdUOM": "", "carbohydratesValuePercentage": "", "ironValuePercentage": "", "sodiumRoundedOffValue": 105, "cholesterolValuePercentage": ""}, "price": 7.49, "milkFatContentRoundedOffPercentage": "", "itemPackCount": 1, "moistureContentRoundedOffPercentage": "", "scenePlusPoints": 0, "discountType": "", "inStock": true, "categories": ["Dairy & Eggs", "Milk", "Dairy Milk"], "brand": "Natrel", "itemAmountUnit": "ML", "updatedAt": 1766594735, "milkFatContentPercentageConcat": "", "images": ["https://media.sobeys.com/original/754000000025700000000038909657_VOILA_6936061a19efb6f1c51b3471613e7b42d5e441dc.JPG", "https://media.sobeys.com/screen/754000000025700000000038909657_VOILA-S_85048ac540a64fcbabb17e9438341edcade2a0e7.JPG", "https://media.sobeys.com/thumb/754000000025700000000038909657_VOILA-S-T_161b72f12b499f76cfb906f9b529a9eb564ef8c9.JPG"], "gtin": "00055872500110", "pageSlug": "natrel-organic-fat-free--0--skim-milk--2-l", "productOfCanada": false, "upc": "055872500110", "weight": "2.12 KG", "seasonedRequired": false, "activePromotion": false, "scaleLabelFixedWeightUOM": "", "isVisible": true, "storeId": "8924", "itemAmountValue": "2000", "allergens": {"alcohol": false, "nutFree": false, "peanutFree": false, "mustardFree": false, "glutenFree": false, "vegan": false, "kosher": false, "shellfishFree": false, "oatFree": false, "sulphitesFree": false, "eggFree": false, "sesameFree": false, "lactoseFree": false, "vegetarian": false, "milkFree": false, "halal": false, "tobacco": false, "wheatFree": false, "soyaFree": false, "organic": true}, "moistureContentPercentageConcat": "", "monounsaturatedPublishNutritional": "", "name": "Natrel Organic Fat Free  0% Skim Milk  2 L", "linkeditem": false, "durableLifeCustomerShelfLife": "", "isMassOffers": false, "countryOfOrigin": "", "inventoryLevel": 0, "scaleLabelFixedWeight": "", "promotions": [{"file_timestamp": 1766575016, "storeNumber": "8924", "lastModifiedDateTime": 1766643742, "endDate": 1767225599, "promotionComplianceFlag": true, "promotionReward": [{"rewardShortDesc": "Customer Price", "applyTo": "", "rewardNumber": 1, "membershipLevelText": "", "rewardTrigger": "", "rewardTypeCode": 4, "rewardType": 4, "isGroupOfferReward": false, "rewardLevel": "", "items": [{"universalProductCode": "", "articleNumber": "641023", "baseUOM": "EA"}], "value1Value20": [{"value_15": "", "value_16": "", "value_13": "", "value_14": "", "value_8": "", "value_19": "", "value_9": "", "value_6": "", "value_17": "", "value_7": "", "value_18": "", "value_4": "", "value_5": "", "value_2": "", "value_3": "", "value_1": "6.49", "value_11": "", "value_12": "", "value_20": "", "value_10": ""}]}], "promotionNumber": 1208770277, "couponLimit": "", "source": "VKA0", "posType": "", "salesOrganization": "5100", "regionCode": "wms", "promotionPlanner": "", "correlationId": "344681e4143740b5b4f0387ad8f22f46", "id": "VKA0_8924_1208770277", "loadToCardFlag": "", "distributionChannel": "61", "posOfferID": "", "trans_Cd": "", "promotionCondition": [{"isGroupOfferCondition": false, "breakpointFlag": "", "conditionType": 1, "conditionShortDesc": "QTY", "fieldsUsed": 1, "conditionNumber": 2, "conditionLevel": 0, "items": [{"universalProductCode": "", "articleNumber": "641023", "baseUOM": "EA"}], "value1Value20": [{"value_15": "", "value_16": "", "value_13": "", "value_14": "", "value_8": "", "value_19": "", "value_9": "", "value_6": "", "value_17": "", "value_7": "", "value_18": "", "value_4": "", "value_5": "", "value_2": "", "value_3": "", "value_1": "1.00", "value_11": "", "value_12": "", "value_20": "", "value_10": ""}]}], "promotionDescriptionFrench": "", "priority": 1, "activeStatusCode": "", "promotionDescription": "", "nationalBannerCode": "", "currencyCode": "CAD", "startDate": 1766620800}], "objectID": "641023_EA_8924", "_highlightResult": {"description": {"value": "This Organic Filtered 0% <em>Milk</em> comes from Canadian <em>dairy</em> farms dedicated to organic farming principles.", "matchLevel": "full", "fullyHighlighted": false, "matchedWords": ["milk"]}, "articleNumber": {"value": "641023", "matchLevel": "none", "matchedWords": []}, "nutritionalInformation": {"ingredients": [{"value": "Skim Organic <em>Milk</em>, Vitamin A Palmitate, Vitamin D3.", "matchLevel": "full", "fullyHighlighted": false, "matchedWords": ["milk"]}]}, "categories": [{"value": "<em>Dairy</em> & Eggs", "matchLevel": "full", "fullyHighlighted": false, "matchedWords": ["milk"]}, {"value": "<em>Milk</em>", "matchLevel": "full", "fullyHighlighted": true, "matchedWords": ["milk"]}, {"value": "<em>Dairy</em> <em>Milk</em>", "matchLevel": "full", "fullyHighlighted": true, "matchedWords": ["milk"]}], "brand": {"value": "Natrel", "matchLevel": "none", "matchedWords": []}, "upc": {"value": "055872500110", "matchLevel": "none", "matchedWords": []}, "name": {"value": "Natrel Organic Fat Free  0% Skim <em>Milk</em>  2 L", "matchLevel": "full", "fullyHighlighted": false, "matchedWords": ["milk"]}, "countryOfOrigin": {"value": "", "matchLevel": "none", "matchedWords": []}, "promotions": [{"promotionDescription": {"value": "", "matchLevel": "none", "matchedWords": []}}]}}}
{"store": "Sobeys", "site_slug": "sobeys", "source_url": "https://www.sobeys.com/product/natrel-organic-2--filtered-milk-2-l", "scrape_ts": "2025-12-26T04:20:17.352389Z", "external_id": "055872520118", "name": "Natrel Organic 2% Filtered Milk 2 L", "brand": "Natrel", "size_text": "2.13 KG EA", "price": 7.79, "currency": "CAD", "unit_price": 3.66, "unit_price_uom": "KG", "image_url": "https://media.sobeys.com/original/826954_EA_ml_primary_front_082923_VOILA_d90efd8ea9c06d5f0d5fe1a037d1ea78c9c9ea54.JPG", "category_path": "Dairy & Eggs > Milk > Dairy Milk", "availability": "in_stock", "raw_source": {"storageInstructions": "2 C - 5 C", "keywords": [], "channel": "Voila", "description": "This Organic Filtered 2% Milk comes from Canadian dairy farms dedicated to organic farming principles.", "discount": 0, "scaleLabelFixedWeightConcat": "", "hierarchicalCategories": {"lvl2": ["Dairy & Eggs > Milk > Dairy Milk"], "lvl0": ["Dairy & Eggs"], "lvl1": ["Dairy & Eggs > Milk"]}, "priceQuantity": "1", "createdAt": 1766534400, "uom": "EA", "articleNumber": "826954", "nutritionalInformation": {"sugarRoundedOffValue": 13, "calciumValuePercentage": 23, "proteinRoundedOffValue": 9, "saturatedAndTransFatValuePercentage": 16, "fatRoundedOffValue": 5, "vitaminAValuePercentage": 17, "sobeysMayContain": "", "sugarAlcoholRoundedOffValue": 0, "omega6PublishNutritional": 0, "ingredients": ["Partly Skimmed Organic Milk, Vitamin A Palmitate, Vitamin D3."], "omega3PublishNutritional": 0, "caloriesRoundedOffValue": 130, "saturatedAndTransFatRoundedOffValue": 3.2, "servingSize": "1 cup (250 mL)", "proteinValuePercentage": "", "fibreValuePercentage": 0, "sodiumValuePercentage": 5, "polyunsaturatedPublishNutritional": "", "potassiumValuePercentage": 10, "potassiumRoundedOffValue": 350, "carbohydratesRoundedOffValue": 13, "servingUOM": "mL", "calciumRoundedOffValue": 300, "vitaminCValuePercentage": 0, "fibreRoundedOffValue": 0, "sugarValuePercentage": 13, "transFatRoundedOffValue": 0.2, "fatValuePercentage": 7, "ironRoundedOffValue": 0.1, "metricServingSizeRoundedOffValue": 250, "cholesterolRoundedOffValue": 20, "householdMeasureQuantity": 1, "saturatedFatRoundedOffValue": 3, "saturatedFatValuePercentage": "", "householdUOM": "0", "carbohydratesValuePercentage": "", "ironValuePercentage": 1, "sodiumRoundedOffValue": 105, "cholesterolValuePercentage": ""}, "price": 7.79, "milkFatContentRoundedOffPercentage": "", "itemPackCount": 1, "moistureContentRoundedOffPercentage": "", "scenePlusPoints": 0, "discountType": "", "inStock": true, "categories": ["Dairy & Eggs", "Milk", "Dairy Milk"], "brand": "Natrel", "itemAmountUnit": "L", "updatedAt": 1766594727, "milkFatContentPercentageConcat": "", "images": ["https://media.sobeys.com/original/826954_EA_ml_primary_front_082923_VOILA_d90efd8ea9c06d5f0d5fe1a037d1ea78c9c9ea54.JPG", "https://media.sobeys.com/screen/826954_EA_ml_primary_front_082923_VOILA-S_bbc677887ab88e48f6ed8bd10b49be7b8f12baa0.JPG", "https://media.sobeys.com/thumb/826954_EA_ml_primary_front_082923_VOILA-S-T_937e13c307f36d1429bd62d5e974bb73de011d2b.JPG"], "gtin": "00055872520118", "pageSlug": "natrel-organic-2--filtered-milk-2-l", "productOfCanada": false, "upc": "055872520118", "weight": "2.13 KG", "seasonedRequired": false, "activePromotion": false, "scaleLabelFixedWeightUOM": "", "isVisible": true, "storeId": "8821", "itemAmountValue": "2", "allergens": {"alcohol": false, "nutFree": false, "peanutFree": false, "mustardFree": false, "glutenFree": false, "vegan": false, "kosher": false, "shellfishFree": false, "oatFree": false, "sulphitesFree": false, "eggFree": false, "sesameFree": false, "lactoseFree": true, "vegetarian": false, "milkFree": false, "halal": false, "tobacco": false, "wheatFree": false, "soyaFree": false, "organic": true}, "moistureContentPercentageConcat": "", "monounsaturatedPublishNutritional": "", "name": "Natrel Organic 2% Filtered Milk 2 L", "linkeditem": false, "durableLifeCustomerShelfLife": "", "isMassOffers": false, "countryOfOrigin": "", "inventoryLevel": 0, "scaleLabelFixedWeight": "", "promotions": [{"file_timestamp": 1766575079, "storeNumber": "8821", "lastModifiedDateTime": 1766644210, "endDate": 1767225599, "promotionComplianceFlag": true, "promotionReward": [{"rewardShortDesc": "Customer Price", "applyTo": "", "rewardNumber": 1, "membershipLevelText": "", "rewardTrigger": "", "rewardTypeCode": 4, "rewardType": 4, "isGroupOfferReward": false, "rewardLevel": "", "items": [{"universalProductCode": "", "articleNumber": "826954", "baseUOM": "EA"}], "value1Value20": [{"value_15": "", "value_16": "", "value_13": "", "value_14": "", "value_8": "", "value_19": "", "value_9": "", "value_6": "", "value_17": "", "value_7": "", "value_18": "", "value_4": "", "value_5": "", "value_2": "", "value_3": "", "value_1": "6.49", "value_11": "", "value_12": "", "value_20": "", "value_10": ""}]}], "promotionNumber": 1208769246, "couponLimit": "", "source": "VKA0", "posType": "", "salesOrganization": "5100", "regionCode": "wms", "promotionPlanner": "", "correlationId": "18cee55b0a9b485589179c3065540493", "id": "VKA0_8821_1208769246", "loadToCardFlag": "", "distributionChannel": "61", "posOfferID": "", "trans_Cd": "", "promotionCondition": [{"isGroupOfferCondition": false, "breakpointFlag": "", "conditionType": 1, "conditionShortDesc": "QTY", "fieldsUsed": 1, "conditionNumber": 2, "conditionLevel": 0, "items": [{"universalProductCode": "", "articleNumber": "826954", "baseUOM": "EA"}], "value1Value20": [{"value_15": "", "value_16": "", "value_13": "", "value_14": "", "value_8": "", "value_19": "", "value_9": "", "value_6": "", "value_17": "", "value_7": "", "value_18": "", "value_4": "", "value_5": "", "value_2": "", "value_3": "", "value_1": "1.00", "value_11": "", "value_12": "", "value_20": "", "value_10": ""}]}], "promotionDescriptionFrench": "", "priority": 1, "activeStatusCode": "", "promotionDescription": "", "nationalBannerCode": "", "currencyCode": "CAD", "startDate": 1766620800}], "objectID": "826954_EA_8821", "_highlightResult": {"description": {"value": "This Organic Filtered 2% <em>Milk</em> comes from Canadian <em>dairy</em> farms dedicated to organic farming principles.", "matchLevel": "full", "fullyHighlighted": false, "matchedWords": ["milk"]}, "articleNumber": {"value": "826954", "matchLevel": "none", "matchedWords": []}, "nutritionalInformation": {"ingredients": [{"value": "Partly Skimmed Organic <em>Milk</em>, Vitamin A Palmitate, Vitamin D3.", "matchLevel": "full", "fullyHighlighted": false, "matchedWords": ["milk"]}]}, "categories": [{"value": "<em>Dairy</em> & Eggs", "matchLevel": "full", "fullyHighlighted": false, "matchedWords": ["milk"]}, {"value": "<em>Milk</em>", "matchLevel": "full", "fullyHighlighted": true, "matchedWords": ["milk"]}, {"value": "<em>Dairy</em> <em>Milk</em>", "matchLevel": "full", "fullyHighlighted": true, "matchedWords": ["milk"]}], "brand": {"value": "Natrel", "matchLevel": "none", "matchedWords": []}, "upc": {"value": "055872520118", "matchLevel": "none", "matchedWords": []}, "name": {"value": "Natrel Organic 2% Filtered <em>Milk</em> 2 L", "matchLevel": "full", "fullyHighlighted": false, "matchedWords": ["milk"]}, "countryOfOrigin": {"value": "", "matchLevel": "none", "matchedWords": []}, "promotions": [{"promotionDescription": {"value": "", "matchLevel": "none", "matchedWords": []}}]}}}
{"store": "Sobeys", "site_slug": "sobeys", "source_url": "https://www.sobeys.com/product/natrel-organic-3.25--filtered-milk--2-l", "scrape_ts": "2025-12-26T04:20:17.352389Z", "external_id": "055872510119", "name": "Natrel Organic 3.25% Filtered Milk  2 L", "brand": "Natrel", "size_text": "2.12 KG EA", "price": 7.79, "currency": "CAD", "unit_price": 3.67, "unit_price_uom": "KG", "image_url": "https://media.sobeys.com/original/754000000025700000000038909430_VOILA_11eed0a52a518e9b243e60273814e93bb9ba40c9.JPG", "category_path": "Dairy & Eggs > Milk > Dairy Milk", "availability": "in_stock", "raw_source": {"storageInstructions": "2 C - 5 C", "keywords": [], "channel": "Voila", "description": "This Organic Filtered 3.25% Milk comes from Canadian dairy farms dedicated to organic farming principles.", "discount": 0, "scaleLabelFixedWeightConcat": "", "hierarchicalCategories": {"lvl2": ["Dairy & Eggs > Milk > Dairy Milk"], "lvl0": ["Dairy & Eggs"], "lvl1": ["Dairy & Eggs > Milk"]}, "priceQuantity": "1", "createdAt": 1766534400, "uom": "EA", "articleNumber": "641029", "nutritionalInformation": {"sugarRoundedOffValue": 13, "calciumValuePercentage": 23, "proteinRoundedOffValue": 9, "saturatedAndTransFatValuePercentage": 27, "fatRoundedOffValue": 8, "vitaminAValuePercentage": 11, "sobeysMayContain": "", "sugarAlcoholRoundedOffValue": 0, "omega6PublishNutritional": 0, "ingredients": ["Organic Milk, Vitamin D3."], "omega3PublishNutritional": 0, "caloriesRoundedOffValue": 150, "saturatedAndTransFatRoundedOffValue": 5.3, "servingSize": "1 cup (250 mL)", "proteinValuePercentage": "", "fibreValuePercentage": 0, "sodiumValuePercentage": 4, "polyunsaturatedPublishNutritional": "", "potassiumValuePercentage": 10, "potassiumRoundedOffValue": 350, "carbohydratesRoundedOffValue": 13, "servingUOM": "mL", "calciumRoundedOffValue": 300, "vitaminCValuePercentage": 0, "fibreRoundedOffValue": 0, "sugarValuePercentage": 13, "transFatRoundedOffValue": 0.3, "fatValuePercentage": 11, "ironRoundedOffValue": 0.1, "metricServingSizeRoundedOffValue": 250, "cholesterolRoundedOffValue": 25, "householdMeasureQuantity": 1, "saturatedFatRoundedOffValue": 5, "saturatedFatValuePercentage": "", "householdUOM": "0", "carbohydratesValuePercentage": "", "ironValuePercentage": 1, "sodiumRoundedOffValue": 95, "cholesterolValuePercentage": ""}, "price": 7.79, "milkFatContentRoundedOffPercentage": "", "itemPackCount": 1, "moistureContentRoundedOffPercentage": "", "scenePlusPoints": 0, "discountType": "", "inStock": true, "categories": ["Dairy & Eggs", "Milk", "Dairy Milk"], "brand": "Natrel", "updatedAt": 1766594727, "milkFatContentPercentageConcat": "", "images": ["https://media.sobeys.com/original/754000000025700000000038909430_VOILA_11eed0a52a518e9b243e60273814e93bb9ba40c9.JPG", "https://media.sobeys.com/screen/754000000025700000000038909430_VOILA-S_8187dd46304de56831e08ad782aa1b3cbccc7f48.JPG", "https://media.sobeys.com/thumb/754000000025700000000038909430_VOILA-S-T_2acff13a08488f9a9fc28e86b0b9bb7e7991345a.JPG"], "gtin": "00055872510119", "pageSlug": "natrel-organic-3.25--filtered-milk--2-l", "upc": "055872510119", "weight": "2.12 KG", "seasonedRequired": false, "activePromotion": false, "scaleLabelFixedWeightUOM": "", "isVisible": true, "storeId": "4054", "allergens": {"alcohol": false, "nutFree": false, "peanutFree": false, "mustardFree": false, "glutenFree": false, "vegan": false, "kosher": false, "shellfishFree": false, "oatFree": false, "sulphitesFree": false, "eggFree": false, "sesameFree": false, "lactoseFree": true, "vegetarian": false, "milkFree": false, "halal": false, "tobacco": false, "wheatFree": false, "soyaFree": false, "organic": true}, "moistureContentPercentageConcat": "", "monounsaturatedPublishNutritional": "", "name": "Natrel Organic 3.25% Filtered Milk  2 L", "linkeditem": false, "durableLifeCustomerShelfLife": "", "isMassOffers": false, "countryOfOrigin": "", "inventoryLevel": 0, "scaleLabelFixedWeight": "", "promotions": [{"file_timestamp": 1766575907, "storeNumber": "4054", "lastModifiedDateTime": 1766644834, "endDate": 1767225599, "promotionComplianceFlag": true, "promotionReward": [{"rewardShortDesc": "Customer Price", "applyTo": "", "rewardNumber": 1, "membershipLevelText": "", "rewardTrigger": "", "rewardTypeCode": 4, "rewardType": 4, "isGroupOfferReward": false, "rewardLevel": "", "items": [{"universalProductCode": "", "articleNumber": "641029", "baseUOM": "EA"}], "value1Value20": [{"value_15": "", "value_16": "", "value_13": "", "value_14": "", "value_8": "", "value_19": "", "value_9": "", "value_6": "", "value_17": "", "value_7": "", "value_18": "", "value_4": "", "value_5": "", "value_2": "", "value_3": "", "value_1": "6.49", "value_11": "", "value_12": "", "value_20": "", "value_10": ""}]}], "promotionNumber": 1209548116, "couponLimit": "", "source": "VKA0", "posType": "", "salesOrganization": "5100", "regionCode": "wms", "promotionPlanner": "", "correlationId": "48e563fe721740d0adfd4c9071dfa7bc", "id": "VKA0_4054_1209548116", "loadToCardFlag": "", "distributionChannel": "02", "posOfferID": "", "trans_Cd": "", "promotionCondition": [{"isGroupOfferCondition": false, "breakpointFlag": "", "conditionType": 1, "conditionShortDesc": "QTY", "fieldsUsed": 1, "conditionNumber": 2, "conditionLevel": 0, "items": [{"universalProductCode": "", "articleNumber": "641029", "baseUOM": "EA"}], "value1Value20": [{"value_15": "", "value_16": "", "value_13": "", "value_14": "", "value_8": "", "value_19": "", "value_9": "", "value_6": "", "value_17": "", "value_7": "", "value_18": "", "value_4": "", "value_5": "", "value_2": "", "value_3": "", "value_1": "1.00", "value_11": "", "value_12": "", "value_20": "", "value_10": ""}]}], "promotionDescriptionFrench": "", "priority": 1, "activeStatusCode": "", "promotionDescription": "", "nationalBannerCode": "", "currencyCode": "CAD", "startDate": 1766620800}], "itemAmountUnit": "ML", "productOfCanada": false, "itemAmountValue": "2000", "objectID": "641029_EA_4054", "_highlightResult": {"description": {"value": "This Organic Filtered 3.25% <em>Milk</em> comes from Canadian <em>dairy</em> farms dedicated to organic farming principles.", "matchLevel": "full", "fullyHighlighted": false, "matchedWords": ["milk"]}, "articleNumber": {"value": "641029", "matchLevel": "none", "matchedWords": []}, "nutritionalInformation": {"ingredients": [{"value": "Organic <em>Milk</em>, Vitamin D3.", "matchLevel": "full", "fullyHighlighted": false, "matchedWords": ["milk"]}]}, "categories": [{"value": "<em>Dairy</em> & Eggs", "matchLevel": "full", "fullyHighlighted": false, "matchedWords": ["milk"]}, {"value": "<em>Milk</em>", "matchLevel": "full", "fullyHighlighted": true, "matchedWords": ["milk"]}, {"value": "<em>Dairy</em> <em>Milk</em>", "matchLevel": "full", "fullyHighlighted": true, "matchedWords": ["milk"]}], "brand": {"value": "Natrel", "matchLevel": "none", "matchedWords": []}, "upc": {"value": "055872510119", "matchLevel": "none", "matchedWords": []}, "name": {"value": "Natrel Organic 3.25% Filtered <em>Milk</em>  2 L", "matchLevel": "full", "fullyHighlighted": false, "matchedWords": ["milk"]}, "countryOfOrigin": {"value": "", "matchLevel": "none", "matchedWords": []}, "promotions": [{"promotionDescription": {"value": "", "matchLevel": "none", "matchedWords": []}}]}}}
{"store": "Sobeys", "site_slug": "sobeys", "source_url": "https://www.sobeys.com/product/natrel-organic-1--filtered-milk-2-l", "scrape_ts": "2025-12-26T04:20:17.352389Z", "external_id": "055872530117", "name": "Natrel Organic 1% Filtered Milk 2 L", "brand": "Natrel", "size_text": "2.12 KG EA", "price": 7.49, "currency": "CAD", "unit_price": 3.53, "unit_price_uom": "KG", "image_url": "https://media.sobeys.com/original/754000000025700000000038910083_VOILA_ec16909d35a64c781fe74791cacccc3347415657.JPG", "category_path": "Dairy & Eggs > Milk > Dairy Milk", "availability": "in_stock", "raw_source": {"storageInstructions": "2 C - 5 C", "keywords": [], "channel": "Voila", "description": "This Organic Filtered 1% Milk comes from Canadian dairy farms dedicated to organic farming principles.", "discount": 0, "scaleLabelFixedWeightConcat": "", "hierarchicalCategories": {"lvl2": ["Dairy & Eggs > Milk > Dairy Milk"], "lvl0": ["Dairy & Eggs"], "lvl1": ["Dairy & Eggs > Milk"]}, "priceQuantity": "1", "createdAt": 1766534400, "uom": "EA", "articleNumber": "641033", "nutritionalInformation": {"sugarRoundedOffValue": 13, "calciumValuePercentage": 19, "proteinRoundedOffValue": 9, "saturatedAndTransFatValuePercentage": 8, "fatRoundedOffValue": 2.5, "vitaminAValuePercentage": 17, "sobeysMayContain": "", "sugarAlcoholRoundedOffValue": "", "omega6PublishNutritional": "", "ingredients": ["Partly Skimmed Organic Milk, Vitamin A Palmitate, Vitamin D3."], "omega3PublishNutritional": "", "caloriesRoundedOffValue": 110, "saturatedAndTransFatRoundedOffValue": 1.6, "servingSize": "1 cup (250 mL)", "proteinValuePercentage": "", "fibreValuePercentage": 0, "sodiumValuePercentage": 4, "polyunsaturatedPublishNutritional": "", "potassiumValuePercentage": 9, "potassiumRoundedOffValue": 300, "carbohydratesRoundedOffValue": 13, "servingUOM": "mL", "calciumRoundedOffValue": 250, "vitaminCValuePercentage": 0, "fibreRoundedOffValue": 0, "sugarValuePercentage": 13, "transFatRoundedOffValue": 0.1, "fatValuePercentage": 3, "ironRoundedOffValue": 0.1, "metricServingSizeRoundedOffValue": 250, "cholesterolRoundedOffValue": 10, "householdMeasureQuantity": 1, "saturatedFatRoundedOffValue": 1.5, "saturatedFatValuePercentage": "", "householdUOM": "0", "carbohydratesValuePercentage": "", "ironValuePercentage": 1, "sodiumRoundedOffValue": 90, "cholesterolValuePercentage": ""}, "price": 7.49, "milkFatContentRoundedOffPercentage": "", "itemPackCount": 1, "moistureContentRoundedOffPercentage": "", "scenePlusPoints": 0, "discountType": "", "inStock": true, "categories": ["Dairy & Eggs", "Milk", "Dairy Milk"], "brand": "Natrel", "updatedAt": 1766593085, "milkFatContentPercentageConcat": "", "images": ["https://media.sobeys.com/original/754000000025700000000038910083_VOILA_ec16909d35a64c781fe74791cacccc3347415657.JPG", "https://media.sobeys.com/screen/754000000025700000000038910083_VOILA-S_4783a64b0f33e6987bbf8fa0ec70427d4d5dc572.JPG", "https://media.sobeys.com/thumb/754000000025700000000038910083_VOILA-S-T_f1ae27b55ca4fa7bfe6fa786e86bdc859be48a25.JPG"], "gtin": "00055872530117", "pageSlug": "natrel-organic-1--filtered-milk-2-l", "upc": "055872530117", "weight": "2.12 KG", "seasonedRequired": false, "activePromotion": false, "scaleLabelFixedWeightUOM": "", "isVisible": true, "storeId": "9506", "allergens": {"alcohol": false, "nutFree": false, "peanutFree": false, "mustardFree": false, "glutenFree": false, "vegan": false, "kosher": false, "shellfishFree": false, "oatFree": false, "sulphitesFree": false, "eggFree": false, "sesameFree": false, "lactoseFree": true, "vegetarian": false, "milkFree": false, "halal": false, "tobacco": false, "wheatFree": false, "soyaFree": false, "organic": true}, "moistureContentPercentageConcat": "", "monounsaturatedPublishNutritional": "", "name": "Natrel Organic 1% Filtered Milk 2 L", "linkeditem": false, "durableLifeCustomerShelfLife": "", "isMassOffers": false, "countryOfOrigin": "", "inventoryLevel": 0, "scaleLabelFixedWeight": "", "promotions": [{"file_timestamp": 1766575907, "storeNumber": "9506", "lastModifiedDateTime": 1766644820, "endDate": 1767225599, "promotionComplianceFlag": true, "promotionReward": [{"rewardShortDesc": "Customer Price", "applyTo": "", "rewardNumber": 1, "membershipLevelText": "", "rewardTrigger": "", "rewardTypeCode": 4, "rewardType": 4, "isGroupOfferReward": false, "rewardLevel": "", "items": [{"universalProductCode": "", "articleNumber": "641033", "baseUOM": "EA"}], "value1Value20": [{"value_15": "", "value_16": "", "value_13": "", "value_14": "", "value_8": "", "value_19": "", "value_9": "", "value_6": "", "value_17": "", "value_7": "", "value_18": "", "value_4": "", "value_5": "", "value_2": "", "value_3": "", "value_1": "6.49", "value_11": "", "value_12": "", "value_20": "", "value_10": ""}]}], "promotionNumber": 1209547547, "couponLimit": "", "source": "VKA0", "posType": "", "salesOrganization": "5100", "regionCode": "wms", "promotionPlanner": "", "correlationId": "48e563fe721740d0adfd4c9071dfa7bc", "id": "VKA0_9506_1209547547", "loadToCardFlag": "", "distributionChannel": "02", "posOfferID": "", "trans_Cd": "", "promotionCondition": [{"isGroupOfferCondition": false, "breakpointFlag": "", "conditionType": 1, "conditionShortDesc": "QTY", "fieldsUsed": 1, "conditionNumber": 2, "conditionLevel": 0, "items": [{"universalProductCode": "", "articleNumber": "641033", "baseUOM": "EA"}], "value1Value20": [{"value_15": "", "value_16": "", "value_13": "", "value_14": "", "value_8": "", "value_19": "", "value_9": "", "value_6": "", "value_17": "", "value_7": "", "value_18": "", "value_4": "", "value_5": "", "value_2": "", "value_3": "", "value_1": "1.00", "value_11": "", "value_12": "", "value_20": "", "value_10": ""}]}], "promotionDescriptionFrench": "", "priority": 1, "activeStatusCode": "", "promotionDescription": "", "nationalBannerCode": "", "currencyCode": "CAD", "startDate": 1766620800}], "itemAmountUnit": "ML", "productOfCanada": false, "itemAmountValue": "2000", "objectID": "641033_EA_9506", "_highlightResult": {"description": {"value": "This Organic Filtered 1% <em>Milk</em> comes from Canadian <em>dairy</em> farms dedicated to organic farming principles.", "matchLevel": "full", "fullyHighlighted": false, "matchedWords": ["milk"]}, "articleNumber": {"value": "641033", "matchLevel": "none", "matchedWords": []}, "nutritionalInformation": {"ingredients": [{"value": "Partly Skimmed Organic <em>Milk</em>, Vitamin A Palmitate, Vitamin D3.", "matchLevel": "full", "fullyHighlighted": false, "matchedWords": ["milk"]}]}, "categories": [{"value": "<em>Dairy</em> & Eggs", "matchLevel": "full", "fullyHighlighted": false, "matchedWords": ["milk"]}, {"value": "<em>Milk</em>", "matchLevel": "full", "fullyHighlighted": true, "matchedWords": ["milk"]}, {"value": "<em>Dairy</em> <em>Milk</em>", "matchLevel": "full", "fullyHighlighted": true, "matchedWords": ["milk"]}], "brand": {"value": "Natrel", "matchLevel": "none", "matchedWords": []}, "upc": {"value": "055872530117", "matchLevel": "none", "matchedWords": []}, "name": {"value": "Natrel Organic 1% Filtered <em>Milk</em> 2 L", "matchLevel": "full", "fullyHighlighted": false, "matchedWords": ["milk"]}, "countryOfOrigin": {"value": "", "matchLevel": "none", "matchedWords": []}, "promotions": [{"promotionDescription": {"value": "", "matchLevel": "none", "matchedWords": []}}]}}}
{"store": "Sobeys", "site_slug": "sobeys", "source_url": "https://www.sobeys.com/product/farmers-3.25---milk-jug--homogenized-4-l", "scrape_ts": "2025-12-26T04:20:17.352389Z", "external_id": "067997021005", "name": "Farmers 3.25%  Milk Jug  Homogenized 4 L", "brand": "Farmers", "size_text": "4.11 KG EA", "price": 8.49, "currency": "CAD", "unit_price": 2.07, "unit_price_uom": "KG", "image_url": "https://media.sobeys.com/original/067997021005_871283_VOILA_d7d3bc2388e8f61734b1a929211b458495e920b1.JPG", "category_path": "Dairy & Eggs > Milk > Dairy Milk", "availability": "in_stock", "raw_source": {"storageInstructions": "2 C - 5 C", "keywords": [], "channel": "Voila", "description": "Farmers homogenized milk is refreshing, high in calcium, and full of benefits for you and your family. It\u2019s as good to cook with as it is to drink! Excellence source of Vitamin D and Calcium, Pure in Taste, No antibiotics or artificial growth hormones, Milk is a preservative-free dairy product and it is Gluten \u2013 Free.", "discount": 0, "scaleLabelFixedWeightConcat": "", "hierarchicalCategories": {"lvl2": ["Dairy & Eggs > Milk > Dairy Milk"], "lvl0": ["Dairy & Eggs"], "lvl1": ["Dairy & Eggs > Milk"]}, "priceQuantity": "1", "createdAt": 1765929600, "uom": "EA", "articleNumber": "871283", "nutritionalInformation": {"sugarRoundedOffValue": 13, "calciumValuePercentage": 23, "proteinRoundedOffValue": 9, "saturatedAndTransFatValuePercentage": 27, "fatRoundedOffValue": 8, "vitaminAValuePercentage": 11, "sobeysMayContain": "", "sugarAlcoholRoundedOffValue": 0, "omega6PublishNutritional": 0, "ingredients": ["Milk, Vitamin D3."], "omega3PublishNutritional": 0, "caloriesRoundedOffValue": 160, "saturatedAndTransFatRoundedOffValue": 5.3, "servingSize": "1 cup (250 mL)", "proteinValuePercentage": "", "fibreValuePercentage": 0, "sodiumValuePercentage": 4, "polyunsaturatedPublishNutritional": "", "potassiumValuePercentage": 10, "potassiumRoundedOffValue": 350, "carbohydratesRoundedOffValue": 13, "servingUOM": "mL", "calciumRoundedOffValue": 300, "vitaminCValuePercentage": 0, "fibreRoundedOffValue": 0, "sugarValuePercentage": 13, "transFatRoundedOffValue": 0.3, "fatValuePercentage": 11, "ironRoundedOffValue": 0.1, "metricServingSizeRoundedOffValue": 250, "cholesterolRoundedOffValue": 25, "householdMeasureQuantity": 1, "saturatedFatRoundedOffValue": 5, "saturatedFatValuePercentage": "", "householdUOM": "0", "carbohydratesValuePercentage": "", "ironValuePercentage": 1, "sodiumRoundedOffValue": 95, "cholesterolValuePercentage": ""}, "price": 8.49, "milkFatContentRoundedOffPercentage": "", "itemPackCount": 1, "moistureContentRoundedOffPercentage": "", "scenePlusPoints": 0, "discountType": "", "inStock": true, "categories": ["Dairy & Eggs", "Milk", "Dairy Milk"], "brand": "Farmers", "itemAmountUnit": "ML", "updatedAt": 1765992616, "milkFatContentPercentageConcat": "", "images": ["https://media.sobeys.com/original/067997021005_871283_VOILA_d7d3bc2388e8f61734b1a929211b458495e920b1.JPG", "https://media.sobeys.com/screen/067997021005_871283_VOILA-S_a57ea4ae124d5de99f06020060a0e9e44a13e348.JPG", "https://media.sobeys.com/thumb/067997021005_871283_VOILA-S-T_6f54a3bc2235b0b850ad0ff555e7e88c0b456c0e.JPG", "https://media.sobeys.com/original/067997021005_en_ing_VOILA_984f110fb55176ffe1ed07836df9657364abb5da.JPG", "https://media.sobeys.com/screen/067997021005_en_ing_VOILA-S_8799b4a218f65877366dbc094480b0d147aed241.JPG", "https://media.sobeys.com/thumb/067997021005_en_ing_VOILA-S-T_96fff62ae81e41f81056f3b4b79a1f3104bb1d9c.JPG", "https://media.sobeys.com/original/067997021005_fr_ing_VOILA_2ec5367d82fa19195a5dab7f3e81b3be04aa1e1f.JPG", "https://media.sobeys.com/screen/067997021005_fr_ing_VOILA-S_b5996c217cff284b9888d2ca63fc5643095fe205.JPG", "https://media.sobeys.com/thumb/067997021005_fr_ing_VOILA-S-T_a5a2d8da57b6f08bc588bfc18231cb7d04cd359d.JPG"], "gtin": "00067997021005", "pageSlug": "farmers-3.25---milk-jug--homogenized-4-l", "productOfCanada": false, "upc": "067997021005", "weight": "4.11 KG", "seasonedRequired": false, "activePromotion": false, "scaleLabelFixedWeightUOM": "", "isVisible": true, "storeId": "9279", "itemAmountValue": "4000", "allergens": {"alcohol": false, "nutFree": false, "peanutFree": false, "mustardFree": false, "glutenFree": false, "vegan": false, "kosher": false, "shellfishFree": false, "oatFree": false, "sulphitesFree": false, "eggFree": false, "sesameFree": false, "lactoseFree": false, "vegetarian": false, "milkFree": false, "halal": false, "tobacco": false, "wheatFree": false, "soyaFree": false, "organic": false}, "moistureContentPercentageConcat": "", "monounsaturatedPublishNutritional": "", "name": "Farmers 3.25%  Milk Jug  Homogenized 4 L", "linkeditem": false, "durableLifeCustomerShelfLife": "", "isMassOffers": false, "countryOfOrigin": "", "inventoryLevel": 0, "scaleLabelFixedWeight": "", "objectID": "871283_EA_9279", "_highlightResult": {"description": {"value": "Farmers homogenized <em>milk</em> is refreshing, high in calcium, and full of benefits for you and your family. It\u2019s as good to cook with as it is to drink! Excellence source of Vitamin D and Calcium, Pure in Taste, No antibiotics or artificial growth hormones, <em>Milk</em> is a preservative-free <em>dairy</em> product and it is Gluten \u2013 Free.", "matchLevel": "full", "fullyHighlighted": false, "matchedWords": ["milk"]}, "articleNumber": {"value": "871283", "matchLevel": "none", "matchedWords": []}, "nutritionalInformation": {"ingredients": [{"value": "<em>Milk</em>, Vitamin D3.", "matchLevel": "full", "fullyHighlighted": false, "matchedWords": ["milk"]}]}, "categories": [{"value": "<em>Dairy</em> & Eggs", "matchLevel": "full", "fullyHighlighted": false, "matchedWords": ["milk"]}, {"value": "<em>Milk</em>", "matchLevel": "full", "fullyHighlighted": true, "matchedWords": ["milk"]}, {"value": "<em>Dairy</em> <em>Milk</em>", "matchLevel": "full", "fullyHighlighted": true, "matchedWords": ["milk"]}], "brand": {"value": "Farmers", "matchLevel": "none", "matchedWords": []}, "upc": {"value": "067997021005", "matchLevel": "none", "matchedWords": []}, "name": {"value": "Farmers 3.25%  <em>Milk</em> Jug  Homogenized 4 L", "matchLevel": "full", "fullyHighlighted": false, "matchedWords": ["milk"]}, "countryOfOrigin": {"value": "", "matchLevel": "none", "matchedWords": []}}}}
{"store": "Sobeys", "site_slug": "sobeys", "source_url": "https://www.sobeys.com/product/central-dairies-1--milk-partly-skimmed-1-l", "scrape_ts": "2025-12-26T04:20:17.352389Z", "external_id": "057498010455", "name": "Central Dairies 1% Milk Partly Skimmed 1 L", "brand": "Central Dairies", "size_text": "1.06 KG EA", "price": 3.59, "currency": "CAD", "unit_price": 3.39, "unit_price_uom": "KG", "image_url": "https://media.sobeys.com/original/972674_EA_ml_primary_front_na_VOILA_901b16c50f261805b525a817d83865a1fac21384.JPG", "category_path": "Dairy & Eggs > Milk > Dairy Milk", "availability": "in_stock", "raw_source": {"storageInstructions": "2 C - 5 C", "keywords": [], "channel": "Voila", "description": "", "discount": 0, "scaleLabelFixedWeightConcat": "", "hierarchicalCategories": {"lvl2": ["Dairy & Eggs > Milk > Dairy Milk"], "lvl0": ["Dairy & Eggs", "Shop Canada"], "lvl1": ["Dairy & Eggs > Milk", "Shop Canada > Canada Dairy & Eggs"]}, "priceQuantity": "1", "createdAt": 1765843200, "uom": "EA", "articleNumber": "972674", "nutritionalInformation": {"sugarRoundedOffValue": 13, "calciumValuePercentage": 23, "proteinRoundedOffValue": 9, "saturatedAndTransFatValuePercentage": 8, "fatRoundedOffValue": 2.5, "vitaminAValuePercentage": 17, "sobeysMayContain": "", "sugarAlcoholRoundedOffValue": 0, "omega6PublishNutritional": 0, "ingredients": ["Partly Skimmed Milk, Vitamin A Palmitate, Vitamin D3."], "omega3PublishNutritional": 0, "caloriesRoundedOffValue": 110, "saturatedAndTransFatRoundedOffValue": 1.6, "servingSize": "1 cup (250 mL)", "proteinValuePercentage": "", "fibreValuePercentage": 0, "sodiumValuePercentage": 5, "polyunsaturatedPublishNutritional": "", "potassiumValuePercentage": 10, "potassiumRoundedOffValue": 350, "carbohydratesRoundedOffValue": 13, "servingUOM": "mL", "calciumRoundedOffValue": 300, "vitaminCValuePercentage": 0, "fibreRoundedOffValue": 0, "sugarValuePercentage": 13, "transFatRoundedOffValue": 0.1, "fatValuePercentage": 3, "ironRoundedOffValue": 0.1, "metricServingSizeRoundedOffValue": 250, "cholesterolRoundedOffValue": 10, "householdMeasureQuantity": 1, "saturatedFatRoundedOffValue": 1.5, "saturatedFatValuePercentage": "", "householdUOM": "0", "carbohydratesValuePercentage": "", "ironValuePercentage": 1, "sodiumRoundedOffValue": 105, "cholesterolValuePercentage": ""}, "price": 3.59, "milkFatContentRoundedOffPercentage": "", "itemPackCount": 1, "moistureContentRoundedOffPercentage": "", "scenePlusPoints": 0, "discountType": "", "inStock": true, "categories": ["Dairy & Eggs", "Milk", "Shop Canada", "Canada Dairy & Eggs", "Dairy Milk"], "brand": "Central Dairies", "itemAmountUnit": "ML", "updatedAt": 1765858529, "milkFatContentPercentageConcat": "", "images": ["https://media.sobeys.com/original/972674_EA_ml_primary_front_na_VOILA_901b16c50f261805b525a817d83865a1fac21384.JPG", "https://media.sobeys.com/screen/972674_EA_ml_primary_front_na_VOILA-S_3a6cdc09c42aa27479141be0f32237a71dcf0a0d.JPG", "https://media.sobeys.com/thumb/972674_EA_ml_primary_front_na_VOILA-S-T_43f197f92c671a04377068abf1b4a535a7c3243c.JPG", "https://media.sobeys.com/original/972674_EA_ml_na_na_nfp_VOILA_a126261e191bd02ececcf5f66261197c89b25910.JPG", "https://media.sobeys.com/screen/972674_EA_ml_na_na_nfp_VOILA-S_5714830504b4754693a9c0511d346d8761a598ed.JPG", "https://media.sobeys.com/thumb/972674_EA_ml_na_na_nfp_VOILA-S-T_3f4430ced74115c0d5bf47cb2764bb61782fc17e.JPG", "https://media.sobeys.com/original/972674_EA_en_na_na_ing_VOILA_edf37b6b43f7d279bc25870daef90b0dc310371c.JPG", "https://media.sobeys.com/screen/972674_EA_en_na_na_ing_VOILA-S_673f08a387308228522f5d8d43d6aeb7536857b9.JPG", "https://media.sobeys.com/thumb/972674_EA_en_na_na_ing_VOILA-S-T_996ccc1cab536e7031f7e5559c4726fab2404a76.JPG", "https://media.sobeys.com/original/972674_EA_fr_na_na_ing_VOILA_9d6da5d218e28798cf8f8ff3423b1d1911df4b4b.JPG", "https://media.sobeys.com/screen/972674_EA_fr_na_na_ing_VOILA-S_924906faeaad54350fe8eb710bdbc4db1c0081d5.JPG", "https://media.sobeys.com/thumb/972674_EA_fr_na_na_ing_VOILA-S-T_dfe24423fed8fba7c85b8c437deafe3079eb0cdc.JPG"], "gtin": "00057498010455", "pageSlug": "central-dairies-1--milk-partly-skimmed-1-l", "productOfCanada": true, "upc": "057498010455", "weight": "1.06 KG", "seasonedRequired": false, "activePromotion": false, "scaleLabelFixedWeightUOM": "", "isVisible": true, "storeId": "9266", "itemAmountValue": "1000", "allergens": {"alcohol": false, "nutFree": false, "peanutFree": false, "mustardFree": false, "glutenFree": false, "vegan": false, "kosher": false, "shellfishFree": false, "oatFree": false, "sulphitesFree": false, "eggFree": false, "sesameFree": false, "lactoseFree": false, "vegetarian": false, "milkFree": false, "halal": false, "tobacco": false, "wheatFree": false, "soyaFree": false, "organic": false}, "moistureContentPercentageConcat": "", "monounsaturatedPublishNutritional": "", "name": "Central Dairies 1% Milk Partly Skimmed 1 L", "linkeditem": false, "durableLifeCustomerShelfLife": "", "isMassOffers": false, "countryOfOrigin": "", "inventoryLevel": 0, "scaleLabelFixedWeight": "", "objectID": "972674_EA_9266", "_highlightResult": {"description": {"value": "", "matchLevel": "none", "matchedWords": []}, "articleNumber": {"value": "972674", "matchLevel": "none", "matchedWords": []}, "nutritionalInformation": {"ingredients": [{"value": "Partly Skimmed <em>Milk</em>, Vitamin A Palmitate, Vitamin D3.", "matchLevel": "full", "fullyHighlighted": false, "matchedWords": ["milk"]}]}, "categories": [{"value": "<em>Dairy</em> & Eggs", "matchLevel": "full", "fullyHighlighted": false, "matchedWords": ["milk"]}, {"value": "<em>Milk</em>", "matchLevel": "full", "fullyHighlighted": true, "matchedWords": ["milk"]}, {"value": "Shop Canada", "matchLevel": "none", "matchedWords": []}, {"value": "Canada <em>Dairy</em> & Eggs", "matchLevel": "full", "fullyHighlighted": false, "matchedWords": ["milk"]}, {"value": "<em>Dairy</em> <em>Milk</em>", "matchLevel": "full", "fullyHighlighted": true, "matchedWords": ["milk"]}], "brand": {"value": "Central Dairies", "matchLevel": "none", "matchedWords": []}, "upc": {"value": "057498010455", "matchLevel": "none", "matchedWords": []}, "name": {"value": "Central Dairies 1% <em>Milk</em> Partly Skimmed 1 L", "matchLevel": "full", "fullyHighlighted": false, "matchedWords": ["milk"]}, "countryOfOrigin": {"value": "", "matchLevel": "none", "matchedWords": []}}}}
{"store": "Sobeys", "site_slug": "sobeys", "source_url": "https://www.sobeys.com/product/happy-planet-creamery-3.5--organic-milk-1.5-l", "scrape_ts": "2025-12-26T04:20:17.352389Z", "external_id": "779172513020", "name": "Happy Planet Creamery 3.5% Organic Milk 1.5 L", "brand": "Happy Planet Creamery", "size_text": "1.5 KG EA", "price": 8.29, "currency": "CAD", "unit_price": 5.53, "unit_price_uom": "KG", "image_url": null, "category_path": "Dairy & Eggs > Milk > Dairy Milk", "availability": "in_stock", "raw_source": {"storageInstructions": "", "keywords": [], "channel": "Master", "description": "", "discount": 0, "scaleLabelFixedWeightConcat": "", "hierarchicalCategories": {"lvl2": ["Dairy & Eggs > Milk > Dairy Milk"], "lvl0": ["Dairy & Eggs"], "lvl1": ["Dairy & Eggs > Milk"]}, "priceQuantity": "1", "createdAt": 1765843200, "uom": "EA", "articleNumber": "682824", "nutritionalInformation": {"sugarRoundedOffValue": 12, "calciumValuePercentage": "", "proteinRoundedOffValue": 8, "saturatedAndTransFatValuePercentage": 32, "fatRoundedOffValue": 9, "vitaminAValuePercentage": 10, "sobeysMayContain": "", "sugarAlcoholRoundedOffValue": 0, "omega6PublishNutritional": 0, "ingredients": [""], "omega3PublishNutritional": 0, "caloriesRoundedOffValue": 170, "saturatedAndTransFatRoundedOffValue": 6.3, "servingSize": "250 mL", "proteinValuePercentage": "", "fibreValuePercentage": 0, "sodiumValuePercentage": 5, "polyunsaturatedPublishNutritional": "", "potassiumValuePercentage": 0, "potassiumRoundedOffValue": 0, "carbohydratesRoundedOffValue": 13, "servingUOM": "mL", "calciumRoundedOffValue": "", "vitaminCValuePercentage": 0, "fibreRoundedOffValue": 0, "sugarValuePercentage": 12, "transFatRoundedOffValue": 0.3, "fatValuePercentage": 12, "ironRoundedOffValue": "", "metricServingSizeRoundedOffValue": 250, "cholesterolRoundedOffValue": 35, "householdMeasureQuantity": "", "saturatedFatRoundedOffValue": 6, "saturatedFatValuePercentage": "", "householdUOM": "", "carbohydratesValuePercentage": "", "ironValuePercentage": "", "sodiumRoundedOffValue": 125, "cholesterolValuePercentage": ""}, "price": 8.29, "milkFatContentRoundedOffPercentage": "", "itemPackCount": 1, "moistureContentRoundedOffPercentage": "", "scenePlusPoints": 0, "discountType": "", "inStock": true, "categories": ["Dairy & Eggs", "Milk", "Dairy Milk"], "brand": "Happy Planet Creamery", "itemAmountUnit": "ML", "updatedAt": 1765858521, "milkFatContentPercentageConcat": "", "images": [], "gtin": "00779172513020", "pageSlug": "happy-planet-creamery-3.5--organic-milk-1.5-l", "productOfCanada": false, "upc": "779172513020", "weight": "1.5 KG", "seasonedRequired": false, "activePromotion": false, "scaleLabelFixedWeightUOM": "", "isVisible": true, "storeId": "4974", "itemAmountValue": "1500", "allergens": {"alcohol": false, "nutFree": false, "peanutFree": false, "mustardFree": false, "glutenFree": false, "vegan": false, "kosher": false, "shellfishFree": false, "oatFree": false, "sulphitesFree": false, "eggFree": false, "sesameFree": false, "lactoseFree": false, "vegetarian": false, "milkFree": false, "halal": false, "tobacco": false, "wheatFree": false, "soyaFree": false, "organic": false}, "moistureContentPercentageConcat": "", "monounsaturatedPublishNutritional": "", "name": "Happy Planet Creamery 3.5% Organic Milk 1.5 L", "linkeditem": false, "durableLifeCustomerShelfLife": "", "isMassOffers": false, "countryOfOrigin": "", "inventoryLevel": 0, "scaleLabelFixedWeight": "", "objectID": "682824_EA_4974", "_highlightResult": {"description": {"value": "", "matchLevel": "none", "matchedWords": []}, "articleNumber": {"value": "682824", "matchLevel": "none", "matchedWords": []}, "nutritionalInformation": {"ingredients": [{"value": "", "matchLevel": "none", "matchedWords": []}]}, "categories": [{"value": "<em>Dairy</em> & Eggs", "matchLevel": "full", "fullyHighlighted": false, "matchedWords": ["milk"]}, {"value": "<em>Milk</em>", "matchLevel": "full", "fullyHighlighted": true, "matchedWords": ["milk"]}, {"value": "<em>Dairy</em> <em>Milk</em>", "matchLevel": "full", "fullyHighlighted": true, "matchedWords": ["milk"]}], "brand": {"value": "Happy Planet Creamery", "matchLevel": "none", "matchedWords": []}, "upc": {"value": "779172513020", "matchLevel": "none", "matchedWords": []}, "name": {"value": "Happy Planet Creamery 3.5% Organic <em>Milk</em> 1.5 L", "matchLevel": "full", "fullyHighlighted": false, "matchedWords": ["milk"]}, "countryOfOrigin": {"value": "", "matchLevel": "none", "matchedWords": []}}}}
{"store": "Sobeys", "site_slug": "sobeys", "source_url": "https://www.sobeys.com/product/binggrae-flavored-milk-banana-6-x-200-ml", "scrape_ts": "2025-12-26T04:20:22.839503Z", "external_id": "769828221607", "name": "Binggrae Flavored Milk Banana 6 x 200 ml", "brand": "Binggrae", "size_text": "1.318 KG EA", "price": 8.49, "currency": "CAD", "unit_price": 6.44, "unit_price_uom": "KG", "image_url": "https://media.sobeys.com/original/754000000025700000000066092212_VOILA_ddfe23ea4ae0b43e902eb15d2041f21aeddc2296.JPG", "category_path": "Dairy & Eggs > Milk > Flavoured Milk", "availability": "in_stock", "raw_source": {"storageInstructions": "13 C - 28 C", "keywords": [], "channel": "Voila", "description": "", "discount": 0, "scaleLabelFixedWeightConcat": "", "hierarchicalCategories": {"lvl2": ["Dairy & Eggs > Milk > Flavoured Milk"], "lvl0": ["Lunar New Year", "International Foods", "Dairy & Eggs"], "lvl1": ["International Foods > East Asian", "Dairy & Eggs > Milk"]}, "priceQuantity": "1", "createdAt": 1765756800, "uom": "EA", "articleNumber": "945938", "nutritionalInformation": {"sugarRoundedOffValue": 21, "calciumValuePercentage": 13, "proteinRoundedOffValue": 5, "saturatedAndTransFatValuePercentage": 18, "fatRoundedOffValue": 6, "vitaminAValuePercentage": 0, "sobeysMayContain": "", "sugarAlcoholRoundedOffValue": 0, "omega6PublishNutritional": 0, "ingredients": [""], "omega3PublishNutritional": 0, "caloriesRoundedOffValue": 160, "saturatedAndTransFatRoundedOffValue": 3.5, "servingSize": "1 Pack (200 mL)", "proteinValuePercentage": "", "fibreValuePercentage": 0, "sodiumValuePercentage": 4, "polyunsaturatedPublishNutritional": "", "potassiumValuePercentage": 7, "potassiumRoundedOffValue": 225, "carbohydratesRoundedOffValue": 22, "servingUOM": "mL", "calciumRoundedOffValue": 175, "vitaminCValuePercentage": 0, "fibreRoundedOffValue": 0, "sugarValuePercentage": 21, "transFatRoundedOffValue": 0, "fatValuePercentage": 8, "ironRoundedOffValue": 0, "metricServingSizeRoundedOffValue": 200, "cholesterolRoundedOffValue": 20, "householdMeasureQuantity": 1, "saturatedFatRoundedOffValue": 3.5, "saturatedFatValuePercentage": "", "householdUOM": "0", "carbohydratesValuePercentage": "", "ironValuePercentage": 0, "sodiumRoundedOffValue": 85, "cholesterolValuePercentage": ""}, "price": 8.49, "milkFatContentRoundedOffPercentage": "", "itemPackCount": 6, "moistureContentRoundedOffPercentage": "", "scenePlusPoints": 0, "discountType": "", "inStock": true, "categories": ["Lunar New Year", "International Foods", "East Asian", "Dairy & Eggs", "Milk", "Flavoured Milk"], "brand": "Binggrae", "itemAmountUnit": "ML", "updatedAt": 1765842316, "milkFatContentPercentageConcat": "", "images": ["https://media.sobeys.com/original/754000000025700000000066092212_VOILA_ddfe23ea4ae0b43e902eb15d2041f21aeddc2296.JPG", "https://media.sobeys.com/screen/754000000025700000000066092212_VOILA-S_37b08e82a12c803ea41dd8d95d21c45f017e3c7e.JPG", "https://media.sobeys.com/thumb/754000000025700000000066092212_VOILA-S-T_6e6bcb2e3a636b2852526b54251961d2b461b687.JPG", "https://media.sobeys.com/original/754000000018900000000022389281_VOILA_e7c6428f3800e853652d3ec2a287b26423aea8bf.JPG", "https://media.sobeys.com/screen/754000000018900000000022389281_VOILA-S_5485c7348ac89835dd5b301dfc603b5997f9cc7e.JPG", "https://media.sobeys.com/thumb/754000000018900000000022389281_VOILA-S-T_68bd26bdf102f92759c021900ae74d77abd6874e.JPG", "https://media.sobeys.com/original/754000000017200000000051586228_VOILA_fc043a1ca7e4f5338d4579efb877030131dc1a6f.JPG", "https://media.sobeys.com/screen/754000000017200000000051586228_VOILA-S_8d35a87bd9672d4e7c67400497f66a44d5ee67ab.JPG", "https://media.sobeys.com/thumb/754000000017200000000051586228_VOILA-S-T_65ddccb487abcdd6fc8544ea7662e66058ba1488.JPG"], "gtin": "769828221607", "pageSlug": "binggrae-flavored-milk-banana-6-x-200-ml", "productOfCanada": false, "upc": "769828221607", "weight": "1.318 KG", "seasonedRequired": false, "activePromotion": false, "scaleLabelFixedWeightUOM": "", "isVisible": true, "storeId": "1072", "itemAmountValue": "200", "allergens": {"alcohol": false, "nutFree": false, "peanutFree": false, "mustardFree": false, "glutenFree": false, "vegan": false, "kosher": false, "shellfishFree": false, "oatFree": false, "sulphitesFree": false, "eggFree": false, "sesameFree": false, "lactoseFree": false, "vegetarian": false, "milkFree": false, "halal": false, "tobacco": false, "wheatFree": false, "soyaFree": false, "organic": false}, "moistureContentPercentageConcat": "", "monounsaturatedPublishNutritional": "", "name": "Binggrae Flavored Milk Banana 6 x 200 ml", "linkeditem": false, "durableLifeCustomerShelfLife": "", "isMassOffers": false, "countryOfOrigin": "", "inventoryLevel": 0, "scaleLabelFixedWeight": "", "promotions": [], "objectID": "945938_EA_1072", "_highlightResult": {"description": {"value": "", "matchLevel": "none", "matchedWords": []}, "articleNumber": {"value": "945938", "matchLevel": "none", "matchedWords": []}, "nutritionalInformation": {"ingredients": [{"value": "", "matchLevel": "none", "matchedWords": []}]}, "categories": [{"value": "Lunar New Year", "matchLevel": "none", "matchedWords": []}, {"value": "International Foods", "matchLevel": "none", "matchedWords": []}, {"value": "East Asian", "matchLevel": "none", "matchedWords": []}, {"value": "Dairy & Eggs", "matchLevel": "none", "matchedWords": []}, {"value": "<em>Milk</em>", "matchLevel": "full", "fullyHighlighted": true, "matchedWords": ["milk"]}, {"value": "Flavoured <em>Milk</em>", "matchLevel": "full", "fullyHighlighted": false, "matchedWords": ["milk"]}], "brand": {"value": "Binggrae", "matchLevel": "none", "matchedWords": []}, "upc": {"value": "769828221607", "matchLevel": "none", "matchedWords": []}, "name": {"value": "Binggrae Flavored <em>Milk</em> Banana 6 x 200 ml", "matchLevel": "full", "fullyHighlighted": false, "matchedWords": ["milk"]}, "countryOfOrigin": {"value": "", "matchLevel": "none", "matchedWords": []}}}}
{"store": "Sobeys", "site_slug": "sobeys", "source_url": "https://www.sobeys.com/product/sealtest-0--skim-milk-1-l", "scrape_ts": "2025-12-26T04:20:22.839503Z", "external_id": "064420001429", "name": "Sealtest 0% Skim Milk 1 L", "brand": "Sealtest", "size_text": "1.063 KG EA", "price": 3.95, "currency": "CAD", "unit_price": 3.72, "unit_price_uom": "KG", "image_url": "https://media.sobeys.com/original/754000000025700000000061918337_VOILA_5652754e1844d7a2841821b10cc2ae23751125c5.JPG", "category_path": "Dairy & Eggs > Milk > Dairy Milk", "availability": "in_stock", "raw_source": {"storageInstructions": "2 C - 5 C", "keywords": [], "channel": "Voila", "description": "Nothing compares to a cold glass of fresh Sealtest Milk. A light, refreshing and natural taste with immense nutritional value. Sealtest offers you quality milk in all varieties. Whether it\u2019s Homogenized, 2%, 1% or skim milk, Sealtest Milk provides an excellent source of calcium and vitamin D.", "discount": 0, "scaleLabelFixedWeightConcat": "", "hierarchicalCategories": {"lvl2": ["Dairy & Eggs > Milk > Dairy Milk"], "lvl0": ["Dairy & Eggs"], "lvl1": ["Dairy & Eggs > Milk"]}, "priceQuantity": "1", "createdAt": 1765411200, "uom": "EA", "articleNumber": "862528", "nutritionalInformation": {"sugarRoundedOffValue": 12, "calciumValuePercentage": 23, "proteinRoundedOffValue": 9, "saturatedAndTransFatValuePercentage": 0, "fatRoundedOffValue": 0, "vitaminAValuePercentage": 17, "sobeysMayContain": "", "sugarAlcoholRoundedOffValue": 0, "omega6PublishNutritional": 0, "ingredients": ["Skimmed milk, Vitamin A palmitate, Vitamin D3."], "omega3PublishNutritional": 0, "caloriesRoundedOffValue": 90, "saturatedAndTransFatRoundedOffValue": 0, "servingSize": "1 cup (250 mL)", "proteinValuePercentage": "", "fibreValuePercentage": 0, "sodiumValuePercentage": 5, "polyunsaturatedPublishNutritional": "", "potassiumValuePercentage": 10, "potassiumRoundedOffValue": 350, "carbohydratesRoundedOffValue": 12, "servingUOM": "mL", "calciumRoundedOffValue": 300, "vitaminCValuePercentage": 0, "fibreRoundedOffValue": 0, "sugarValuePercentage": 12, "transFatRoundedOffValue": 0, "fatValuePercentage": 0, "ironRoundedOffValue": 0.1, "metricServingSizeRoundedOffValue": 250, "cholesterolRoundedOffValue": 5, "householdMeasureQuantity": 1, "saturatedFatRoundedOffValue": 0, "saturatedFatValuePercentage": "", "householdUOM": "0", "carbohydratesValuePercentage": "", "ironValuePercentage": 1, "sodiumRoundedOffValue": 105, "cholesterolValuePercentage": ""}, "price": 3.95, "milkFatContentRoundedOffPercentage": "", "itemPackCount": 1, "moistureContentRoundedOffPercentage": "", "scenePlusPoints": 0, "discountType": "", "inStock": true, "categories": ["Dairy & Eggs", "Milk", "Dairy Milk"], "brand": "Sealtest", "itemAmountUnit": "ML", "updatedAt": 1765428318, "milkFatContentPercentageConcat": "", "images": ["https://media.sobeys.com/original/754000000025700000000061918337_VOILA_5652754e1844d7a2841821b10cc2ae23751125c5.JPG", "https://media.sobeys.com/screen/754000000025700000000061918337_VOILA-S_4d148d620ad02f056d1a057826757aaba3126624.JPG", "https://media.sobeys.com/thumb/754000000025700000000061918337_VOILA-S-T_162394b382b42323a3456acfc785508a02db14ca.JPG", "https://media.sobeys.com/original/754000000018900000000019668175_VOILA_88ea65bc7c3e8a6ff6fbbd50b01926d34be22c71.JPG", "https://media.sobeys.com/screen/754000000018900000000019668175_VOILA-S_102f641f9b0ba951e2a7ec910ee6bc13150a3930.JPG", "https://media.sobeys.com/thumb/754000000018900000000019668175_VOILA-S-T_b513d292e2fe5f84169efeec51ff4519dd06f920.JPG", "https://media.sobeys.com/original/754000000017200000000048653621_VOILA_c6c20add08a01bfe701007dbe563b02b077eebe2.JPG", "https://media.sobeys.com/screen/754000000017200000000048653621_VOILA-S_55aecad57aaece1d6711ec5e2eb1c75d2cb4c8ce.JPG", "https://media.sobeys.com/thumb/754000000017200000000048653621_VOILA-S-T_948aedcfe89df6c83f5594afa982eb3fb9874f2c.JPG"], "gtin": "00064420001429", "pageSlug": "sealtest-0--skim-milk-1-l", "productOfCanada": true, "upc": "064420001429", "weight": "1.063 KG", "seasonedRequired": false, "activePromotion": false, "scaleLabelFixedWeightUOM": "", "isVisible": true, "storeId": "6827", "itemAmountValue": "1000", "allergens": {"alcohol": false, "nutFree": false, "peanutFree": false, "mustardFree": false, "glutenFree": false, "vegan": false, "kosher": false, "shellfishFree": false, "oatFree": false, "sulphitesFree": false, "eggFree": false, "sesameFree": false, "lactoseFree": false, "vegetarian": false, "milkFree": false, "halal": false, "tobacco": false, "wheatFree": false, "soyaFree": false, "organic": false}, "moistureContentPercentageConcat": "", "monounsaturatedPublishNutritional": "", "name": "Sealtest 0% Skim Milk 1 L", "linkeditem": false, "durableLifeCustomerShelfLife": "", "isMassOffers": false, "countryOfOrigin": "", "inventoryLevel": 0, "scaleLabelFixedWeight": "", "objectID": "862528_EA_6827", "_highlightResult": {"description": {"value": "Nothing compares to a cold glass of fresh Sealtest <em>Milk</em>. A light, refreshing and natural taste with immense nutritional value. Sealtest offers you quality <em>milk</em> in all varieties. Whether it\u2019s Homogenized, 2%, 1% or skim <em>milk</em>, Sealtest <em>Milk</em> provides an excellent source of calcium and vitamin D.", "matchLevel": "full", "fullyHighlighted": false, "matchedWords": ["milk"]}, "articleNumber": {"value": "862528", "matchLevel": "none", "matchedWords": []}, "nutritionalInformation": {"ingredients": [{"value": "Skimmed <em>milk</em>, Vitamin A palmitate, Vitamin D3.", "matchLevel": "full", "fullyHighlighted": false, "matchedWords": ["milk"]}]}, "categories": [{"value": "<em>Dairy</em> & Eggs", "matchLevel": "full", "fullyHighlighted": false, "matchedWords": ["milk"]}, {"value": "<em>Milk</em>", "matchLevel": "full", "fullyHighlighted": true, "matchedWords": ["milk"]}, {"value": "<em>Dairy</em> <em>Milk</em>", "matchLevel": "full", "fullyHighlighted": true, "matchedWords": ["milk"]}], "brand": {"value": "Sealtest", "matchLevel": "none", "matchedWords": []}, "upc": {"value": "064420001429", "matchLevel": "none", "matchedWords": []}, "name": {"value": "Sealtest 0% Skim <em>Milk</em> 1 L", "matchLevel": "full", "fullyHighlighted": false, "matchedWords": ["milk"]}, "countryOfOrigin": {"value": "", "matchLevel": "none", "matchedWords": []}}}}
{"store": "Sobeys", "site_slug": "sobeys", "source_url": "https://www.sobeys.com/product/serge-peanut-punch-250-ml", "scrape_ts": "2025-12-26T04:20:22.840496Z", "external_id": "752046105408", "name": "Serge Peanut Punch 250 ml", "brand": "Serge", "size_text": "0.28 KG EA", "price": 1.29, "currency": "CAD", "unit_price": 4.61, "unit_price_uom": "KG", "image_url": "https://media.sobeys.com/original/754000000025700000000061771951_VOILA_ee551ae30a90266e4be28c1516c0162fc739aa7d.JPG", "category_path": "Dairy & Eggs > Milk > Flavoured Milk", "availability": "in_stock", "raw_source": {"storageInstructions": "13 C - 28 C", "keywords": [], "channel": "Voila", "description": "", "discount": 0, "scaleLabelFixedWeightConcat": "", "hierarchicalCategories": {"lvl2": ["Dairy & Eggs > Milk > Flavoured Milk", "Drinks > Soft Drinks > Other Soft Drinks"], "lvl0": ["International Foods", "Dairy & Eggs", "Drinks"], "lvl1": ["International Foods > Caribbean", "Dairy & Eggs > Milk", "Drinks > Soft Drinks"]}, "priceQuantity": "1", "createdAt": 1765324800, "uom": "EA", "articleNumber": "8389", "nutritionalInformation": {"sugarRoundedOffValue": 0, "calciumValuePercentage": "", "proteinRoundedOffValue": 0, "saturatedAndTransFatValuePercentage": 0, "fatRoundedOffValue": 0, "vitaminAValuePercentage": 0, "sobeysMayContain": "", "sugarAlcoholRoundedOffValue": 0, "omega6PublishNutritional": 0, "ingredients": [""], "omega3PublishNutritional": 0, "caloriesRoundedOffValue": 0, "saturatedAndTransFatRoundedOffValue": 0, "servingSize": "", "proteinValuePercentage": "", "fibreValuePercentage": 0, "sodiumValuePercentage": 0, "polyunsaturatedPublishNutritional": "", "potassiumValuePercentage": 0, "potassiumRoundedOffValue": 0, "carbohydratesRoundedOffValue": 0, "servingUOM": "", "calciumRoundedOffValue": "", "vitaminCValuePercentage": 0, "fibreRoundedOffValue": 0, "sugarValuePercentage": 0, "transFatRoundedOffValue": 0, "fatValuePercentage": 0, "ironRoundedOffValue": "", "metricServingSizeRoundedOffValue": 0, "cholesterolRoundedOffValue": 0, "householdMeasureQuantity": "", "saturatedFatRoundedOffValue": 0, "saturatedFatValuePercentage": "", "householdUOM": "", "carbohydratesValuePercentage": "", "ironValuePercentage": "", "sodiumRoundedOffValue": 0, "cholesterolValuePercentage": ""}, "price": 1.29, "milkFatContentRoundedOffPercentage": "", "itemPackCount": 1, "moistureContentRoundedOffPercentage": "", "scenePlusPoints": 0, "discountType": "", "inStock": true, "categories": ["International Foods", "Caribbean", "Dairy & Eggs", "Milk", "Flavoured Milk", "Drinks", "Soft Drinks", "Other Soft Drinks"], "brand": "Serge", "itemAmountUnit": "ML", "updatedAt": 1765398623, "milkFatContentPercentageConcat": "", "images": ["https://media.sobeys.com/original/754000000025700000000061771951_VOILA_ee551ae30a90266e4be28c1516c0162fc739aa7d.JPG", "https://media.sobeys.com/screen/754000000025700000000061771951_VOILA-S_387ce2086538895b1d6c4c5bbcf4b36e392fc83d.JPG", "https://media.sobeys.com/thumb/754000000025700000000061771951_VOILA-S-T_6657e68af353a831bf6c29361859a1e08501c907.JPG", "https://media.sobeys.com/original/754000000017200000000048571246_VOILA_35c9d8e8a113bb0dc087a15a53dd69f47c235890.JPG", "https://media.sobeys.com/screen/754000000017200000000048571246_VOILA-S_a91f9fa9d536d90906189f95cc6dc559a9e2f538.JPG", "https://media.sobeys.com/thumb/754000000017200000000048571246_VOILA-S-T_dc97c60411168bbd6cf637bb7c7d06d94ee387b4.JPG", "https://media.sobeys.com/original/754000000018900000000019590517_VOILA_a2dd4974b5022e74fab7813b26d09026b279d61b.JPG", "https://media.sobeys.com/screen/754000000018900000000019590517_VOILA-S_cdefc8a24374ca1ab8bb16c71565787277c2fb86.JPG", "https://media.sobeys.com/thumb/754000000018900000000019590517_VOILA-S-T_88fd07b7b81f30c9e1430ea47a60584413279252.JPG"], "gtin": "00752046105408", "pageSlug": "serge-peanut-punch-250-ml", "productOfCanada": false, "upc": "752046105408", "weight": "0.28 KG", "seasonedRequired": false, "activePromotion": false, "scaleLabelFixedWeightUOM": "", "isVisible": true, "storeId": "9587", "itemAmountValue": "250", "allergens": {"alcohol": false, "nutFree": false, "peanutFree": false, "mustardFree": false, "glutenFree": false, "vegan": false, "kosher": false, "shellfishFree": false, "oatFree": false, "sulphitesFree": false, "eggFree": false, "sesameFree": false, "lactoseFree": false, "vegetarian": false, "milkFree": false, "halal": false, "tobacco": false, "wheatFree": false, "soyaFree": false, "organic": false}, "moistureContentPercentageConcat": "", "monounsaturatedPublishNutritional": "", "name": "Serge Peanut Punch 250 ml", "linkeditem": false, "durableLifeCustomerShelfLife": "", "isMassOffers": false, "countryOfOrigin": "", "inventoryLevel": 0, "scaleLabelFixedWeight": "", "promotions": [{"file_timestamp": 1761121658, "storeNumber": "9587", "lastModifiedDateTime": 1761215898, "endDate": 1764201599, "promotionComplianceFlag": true, "promotionReward": [{"rewardShortDesc": "Customer Price", "applyTo": "", "rewardNumber": 1, "membershipLevelText": "", "rewardTrigger": "", "rewardTypeCode": 4, "rewardType": 4, "isGroupOfferReward": false, "rewardLevel": "", "items": [{"universalProductCode": "", "articleNumber": "8389", "baseUOM": "EA"}], "value1Value20": [{"value_15": "", "value_16": "", "value_13": "", "value_14": "", "value_8": "", "value_19": "", "value_9": "", "value_6": "", "value_17": "", "value_7": "", "value_18": "", "value_4": "", "value_5": "", "value_2": "", "value_3": "", "value_1": "0.99", "value_11": "", "value_12": "", "value_20": "", "value_10": ""}]}], "promotionNumber": 509299361, "couponLimit": "", "source": "ZEDL", "posType": "", "salesOrganization": "4000", "regionCode": "oms", "promotionPlanner": "", "correlationId": "cd99e90feb04424581b2808866615116", "id": "ZEDL_9587_509299361", "loadToCardFlag": "", "distributionChannel": "66", "posOfferID": "", "trans_Cd": "", "promotionCondition": [{"isGroupOfferCondition": false, "breakpointFlag": "", "conditionType": 1, "conditionShortDesc": "QTY", "fieldsUsed": 1, "conditionNumber": 2, "conditionLevel": 0, "items": [{"universalProductCode": "", "articleNumber": "8389", "baseUOM": "EA"}], "value1Value20": [{"value_15": "", "value_16": "", "value_13": "", "value_14": "", "value_8": "", "value_19": "", "value_9": "", "value_6": "", "value_17": "", "value_7": "", "value_18": "", "value_4": "", "value_5": "", "value_2": "", "value_3": "", "value_1": "1.00", "value_11": "", "value_12": "", "value_20": "", "value_10": ""}]}], "promotionDescriptionFrench": "", "priority": 2, "activeStatusCode": "", "promotionDescription": "", "nationalBannerCode": "", "currencyCode": "CAD", "startDate": 1761177600}], "objectID": "8389_EA_9587", "_highlightResult": {"description": {"value": "", "matchLevel": "none", "matchedWords": []}, "articleNumber": {"value": "8389", "matchLevel": "none", "matchedWords": []}, "nutritionalInformation": {"ingredients": [{"value": "", "matchLevel": "none", "matchedWords": []}]}, "categories": [{"value": "International Foods", "matchLevel": "none", "matchedWords": []}, {"value": "Caribbean", "matchLevel": "none", "matchedWords": []}, {"value": "Dairy & Eggs", "matchLevel": "none", "matchedWords": []}, {"value": "<em>Milk</em>", "matchLevel": "full", "fullyHighlighted": true, "matchedWords": ["milk"]}, {"value": "Flavoured <em>Milk</em>", "matchLevel": "full", "fullyHighlighted": false, "matchedWords": ["milk"]}, {"value": "Drinks", "matchLevel": "none", "matchedWords": []}, {"value": "Soft Drinks", "matchLevel": "none", "matchedWords": []}, {"value": "Other Soft Drinks", "matchLevel": "none", "matchedWords": []}], "brand": {"value": "Serge", "matchLevel": "none", "matchedWords": []}, "upc": {"value": "752046105408", "matchLevel": "none", "matchedWords": []}, "name": {"value": "Serge Peanut Punch 250 ml", "matchLevel": "none", "matchedWords": []}, "countryOfOrigin": {"value": "", "matchLevel": "none", "matchedWords": []}, "promotions": [{"promotionDescription": {"value": "", "matchLevel": "none", "matchedWords": []}}]}}}
{"store": "Sobeys", "site_slug": "sobeys", "source_url": "https://www.sobeys.com/product/foco-100--coconut-water-1-l", "scrape_ts": "2025-12-26T04:20:22.840496Z", "external_id": "016229914578", "name": "Foco 100% Coconut Water 1 L", "brand": "Foco", "size_text": "1.083 KG EA", "price": 3.49, "currency": "CAD", "unit_price": 3.22, "unit_price_uom": "KG", "image_url": "https://media.sobeys.com/original/754000000025700000000030753120_VOILA_488b167577d64bb476cd721eb762cd8fdfb94997.JPG", "category_path": "Dairy & Eggs > Milk > Flavoured Milk", "availability": "in_stock", "raw_source": {"promotions": [{"file_timestamp": 1764149831, "storeNumber": "9635", "lastModifiedDateTime": 1764226082, "endDate": 1767830399, "promotionComplianceFlag": true, "promotionReward": [{"rewardShortDesc": "Customer Price", "applyTo": "", "rewardNumber": 1, "membershipLevelText": "", "rewardTrigger": "", "rewardTypeCode": 4, "rewardType": 4, "isGroupOfferReward": false, "rewardLevel": "", "items": [{"universalProductCode": "", "articleNumber": "684641", "baseUOM": "EA"}], "value1Value20": [{"value_15": "", "value_16": "", "value_13": "", "value_14": "", "value_8": "", "value_19": "", "value_9": "", "value_6": "", "value_17": "", "value_7": "", "value_18": "", "value_4": "", "value_5": "", "value_2": "", "value_3": "", "value_1": "3.19", "value_11": "", "value_12": "", "value_20": "", "value_10": ""}]}], "promotionNumber": 1205654173, "couponLimit": "", "source": "ZEDL", "posType": "", "salesOrganization": "5100", "regionCode": "wms", "promotionPlanner": "", "correlationId": "10d19c4bd19141dc8f974cc58df5fd49", "id": "ZEDL_9635_1205654173", "loadToCardFlag": "", "distributionChannel": "62", "posOfferID": "", "trans_Cd": "", "promotionCondition": [{"isGroupOfferCondition": false, "breakpointFlag": "", "conditionType": 1, "conditionShortDesc": "QTY", "fieldsUsed": 1, "conditionNumber": 2, "conditionLevel": 0, "items": [{"universalProductCode": "", "articleNumber": "684641", "baseUOM": "EA"}], "value1Value20": [{"value_15": "", "value_16": "", "value_13": "", "value_14": "", "value_8": "", "value_19": "", "value_9": "", "value_6": "", "value_17": "", "value_7": "", "value_18": "", "value_4": "", "value_5": "", "value_2": "", "value_3": "", "value_1": "1.00", "value_11": "", "value_12": "", "value_20": "", "value_10": ""}]}], "promotionDescriptionFrench": "", "priority": 2, "activeStatusCode": "", "promotionDescription": "", "nationalBannerCode": "", "currencyCode": "CAD", "startDate": 1764201600}, {"file_timestamp": 1765350206, "storeNumber": "9635", "lastModifiedDateTime": 1765390939, "endDate": 1766620799, "promotionComplianceFlag": true, "promotionReward": [{"rewardShortDesc": "Points", "applyTo": 1, "rewardNumber": 2, "membershipLevelText": "YYYYYYYYYYYYYYYY", "rewardTrigger": 1, "rewardTypeCode": 7, "rewardType": 7, "isGroupOfferReward": true, "rewardLevel": 0, "items": [{"universalProductCode": "1622991457", "articleNumber": "684641", "baseUOM": "EA"}], "value1Value20": [{"value_15": "", "value_16": "", "value_13": "", "value_14": "", "value_8": "", "value_19": "", "value_9": "", "value_6": "", "value_17": "", "value_7": "", "value_18": "", "value_4": "", "value_5": "", "value_2": "", "value_3": "", "value_1": "100.00", "value_11": "", "value_12": "", "value_20": "", "value_10": ""}]}], "promotionNumber": 7613651, "couponLimit": 1, "source": "CMA", "posType": "ACS", "salesOrganization": "5100", "regionCode": "wms", "promotionPlanner": "N", "correlationId": "b6215b6abd8f4f688195ade468253dbd", "id": "CMA_9635_7613651", "loadToCardFlag": "Y", "distributionChannel": "62", "posOfferID": "40583574468", "trans_Cd": "A", "promotionCondition": [{"isGroupOfferCondition": true, "breakpointFlag": "N", "conditionType": 1, "conditionShortDesc": "QTY", "fieldsUsed": 1, "conditionNumber": 1, "conditionLevel": 0, "items": [{"universalProductCode": "1622991457", "articleNumber": "684641", "baseUOM": "EA"}], "value1Value20": [{"value_15": "", "value_16": "", "value_13": "", "value_14": "", "value_8": "", "value_19": "", "value_9": "", "value_6": "", "value_17": "", "value_7": "", "value_18": "", "value_4": "", "value_5": "", "value_2": "", "value_3": "", "value_1": "1.00", "value_11": "", "value_12": "", "value_20": "", "value_10": ""}]}], "promotionDescriptionFrench": "DTC FocoCoconutWat B1G100PTS", "priority": 1, "activeStatusCode": "A", "promotionDescription": "DTC FocoCoconutWat B1G100PTS", "nationalBannerCode": "004", "currencyCode": "CAD", "startDate": 1766016000}, {"file_timestamp": 1765350206, "storeNumber": "9635", "lastModifiedDateTime": 1765391080, "endDate": 1766620799, "promotionComplianceFlag": true, "promotionReward": [{"rewardShortDesc": "Points", "applyTo": 1, "rewardNumber": 2, "membershipLevelText": "YYYYYYYYYYYYYYYY", "rewardTrigger": 1, "rewardTypeCode": 7, "rewardType": 7, "isGroupOfferReward": true, "rewardLevel": 0, "items": [{"universalProductCode": "1622991457", "articleNumber": "684641", "baseUOM": "EA"}], "value1Value20": [{"value_15": "", "value_16": "", "value_13": "", "value_14": "", "value_8": "", "value_19": "", "value_9": "", "value_6": "", "value_17": "", "value_7": "", "value_18": "", "value_4": "", "value_5": "", "value_2": "", "value_3": "", "value_1": "40.00", "value_11": "", "value_12": "", "value_20": "", "value_10": ""}]}], "promotionNumber": 7613648, "couponLimit": 1, "source": "CMA", "posType": "ACS", "salesOrganization": "5100", "regionCode": "wms", "promotionPlanner": "N", "correlationId": "8005998df58f4cf4825db250da8aa98b", "id": "CMA_9635_7613648", "loadToCardFlag": "Y", "distributionChannel": "62", "posOfferID": "40583574465", "trans_Cd": "A", "promotionCondition": [{"isGroupOfferCondition": true, "breakpointFlag": "N", "conditionType": 1, "conditionShortDesc": "QTY", "fieldsUsed": 1, "conditionNumber": 1, "conditionLevel": 0, "items": [{"universalProductCode": "1622991457", "articleNumber": "684641", "baseUOM": "EA"}], "value1Value20": [{"value_15": "", "value_16": "", "value_13": "", "value_14": "", "value_8": "", "value_19": "", "value_9": "", "value_6": "", "value_17": "", "value_7": "", "value_18": "", "value_4": "", "value_5": "", "value_2": "", "value_3": "", "value_1": "1.00", "value_11": "", "value_12": "", "value_20": "", "value_10": ""}]}], "promotionDescriptionFrench": "DTC FocoCoconutWate B1G40PTS", "priority": 1, "activeStatusCode": "A", "promotionDescription": "DTC FocoCoconutWate B1G40PTS", "nationalBannerCode": "004", "currencyCode": "CAD", "startDate": 1766016000}, {"file_timestamp": 1765350206, "storeNumber": "9635", "lastModifiedDateTime": 1765391239, "endDate": 1766620799, "promotionComplianceFlag": true, "promotionReward": [{"rewardShortDesc": "Points", "applyTo": 1, "rewardNumber": 2, "membershipLevelText": "YYYYYYYYYYYYYYYY", "rewardTrigger": 1, "rewardTypeCode": 7, "rewardType": 7, "isGroupOfferReward": true, "rewardLevel": 0, "items": [{"universalProductCode": "1622991457", "articleNumber": "684641", "baseUOM": "EA"}], "value1Value20": [{"value_15": "", "value_16": "", "value_13": "", "value_14": "", "value_8": "", "value_19": "", "value_9": "", "value_6": "", "value_17": "", "value_7": "", "value_18": "", "value_4": "", "value_5": "", "value_2": "", "value_3": "", "value_1": "60.00", "value_11": "", "value_12": "", "value_20": "", "value_10": ""}]}], "promotionNumber": 7613649, "couponLimit": 1, "source": "CMA", "posType": "ACS", "salesOrganization": "5100", "regionCode": "wms", "promotionPlanner": "N", "correlationId": "50ff32224fc8417a8b6d26fe2620ebed", "id": "CMA_9635_7613649", "loadToCardFlag": "Y", "distributionChannel": "62", "posOfferID": "40583574466", "trans_Cd": "A", "promotionCondition": [{"isGroupOfferCondition": true, "breakpointFlag": "N", "conditionType": 1, "conditionShortDesc": "QTY", "fieldsUsed": 1, "conditionNumber": 1, "conditionLevel": 0, "items": [{"universalProductCode": "1622991457", "articleNumber": "684641", "baseUOM": "EA"}], "value1Value20": [{"value_15": "", "value_16": "", "value_13": "", "value_14": "", "value_8": "", "value_19": "", "value_9": "", "value_6": "", "value_17": "", "value_7": "", "value_18": "", "value_4": "", "value_5": "", "value_2": "", "value_3": "", "value_1": "1.00", "value_11": "", "value_12": "", "value_20": "", "value_10": ""}]}], "promotionDescriptionFrench": "DTC FocoCoconutWate B1G60PTS", "priority": 1, "activeStatusCode": "A", "promotionDescription": "DTC FocoCoconutWate B1G60PTS", "nationalBannerCode": "004", "currencyCode": "CAD", "startDate": 1766016000}, {"file_timestamp": 1765350206, "storeNumber": "9635", "lastModifiedDateTime": 1765391567, "endDate": 1766620799, "promotionComplianceFlag": true, "promotionReward": [{"rewardShortDesc": "Points", "applyTo": 1, "rewardNumber": 2, "membershipLevelText": "YYYYYYYYYYYYYYYY", "rewardTrigger": 1, "rewardTypeCode": 7, "rewardType": 7, "isGroupOfferReward": true, "rewardLevel": 0, "items": [{"universalProductCode": "1622991457", "articleNumber": "684641", "baseUOM": "EA"}], "value1Value20": [{"value_15": "", "value_16": "", "value_13": "", "value_14": "", "value_8": "", "value_19": "", "value_9": "", "value_6": "", "value_17": "", "value_7": "", "value_18": "", "value_4": "", "value_5": "", "value_2": "", "value_3": "", "value_1": "80.00", "value_11": "", "value_12": "", "value_20": "", "value_10": ""}]}], "promotionNumber": 7613650, "couponLimit": 1, "source": "CMA", "posType": "ACS", "salesOrganization": "5100", "regionCode": "wms", "promotionPlanner": "N", "correlationId": "dac22d0fe3ce4fbba4913995224bb7ed", "id": "CMA_9635_7613650", "loadToCardFlag": "Y", "distributionChannel": "62", "posOfferID": "40583574467", "trans_Cd": "A", "promotionCondition": [{"isGroupOfferCondition": true, "breakpointFlag": "N", "conditionType": 1, "conditionShortDesc": "QTY", "fieldsUsed": 1, "conditionNumber": 1, "conditionLevel": 0, "items": [{"universalProductCode": "1622991457", "articleNumber": "684641", "baseUOM": "EA"}], "value1Value20": [{"value_15": "", "value_16": "", "value_13": "", "value_14": "", "value_8": "", "value_19": "", "value_9": "", "value_6": "", "value_17": "", "value_7": "", "value_18": "", "value_4": "", "value_5": "", "value_2": "", "value_3": "", "value_1": "1.00", "value_11": "", "value_12": "", "value_20": "", "value_10": ""}]}], "promotionDescriptionFrench": "DTC FocoCoconutWate B1G80PTS", "priority": 1, "activeStatusCode": "A", "promotionDescription": "DTC FocoCoconutWate B1G80PTS", "nationalBannerCode": "004", "currencyCode": "CAD", "startDate": 1766016000}, {"file_timestamp": 1765955707, "storeNumber": "9635", "lastModifiedDateTime": 1765995953, "endDate": 1767225599, "promotionComplianceFlag": true, "promotionReward": [{"rewardShortDesc": "Points", "applyTo": 1, "rewardNumber": 2, "membershipLevelText": "YYYYYYYYYYYYYYYY", "rewardTrigger": 1, "rewardTypeCode": 7, "rewardType": 7, "isGroupOfferReward": true, "rewardLevel": 0, "items": [{"universalProductCode": "1622991457", "articleNumber": "684641", "baseUOM": "EA"}], "value1Value20": [{"value_15": "", "value_16": "", "value_13": "", "value_14": "", "value_8": "", "value_19": "", "value_9": "", "value_6": "", "value_17": "", "value_7": "", "value_18": "", "value_4": "", "value_5": "", "value_2": "", "value_3": "", "value_1": "40.00", "value_11": "", "value_12": "", "value_20": "", "value_10": ""}]}], "promotionNumber": 7663238, "couponLimit": 1, "source": "CMA", "posType": "ACS", "salesOrganization": "5100", "regionCode": "wms", "promotionPlanner": "N", "correlationId": "41e01a0b64c64132a953f7d718a00c4b", "id": "CMA_9635_7663238", "loadToCardFlag": "Y", "distributionChannel": "62", "posOfferID": "40593574465", "trans_Cd": "A", "promotionCondition": [{"isGroupOfferCondition": true, "breakpointFlag": "N", "conditionType": 1, "conditionShortDesc": "QTY", "fieldsUsed": 1, "conditionNumber": 1, "conditionLevel": 0, "items": [{"universalProductCode": "1622991457", "articleNumber": "684641", "baseUOM": "EA"}], "value1Value20": [{"value_15": "", "value_16": "", "value_13": "", "value_14": "", "value_8": "", "value_19": "", "value_9": "", "value_6": "", "value_17": "", "value_7": "", "value_18": "", "value_4": "", "value_5": "", "value_2": "", "value_3": "", "value_1": "1.00", "value_11": "", "value_12": "", "value_20": "", "value_10": ""}]}], "promotionDescriptionFrench": "DTC FocoCoconutWate B1G40PTS", "priority": 1, "activeStatusCode": "A", "promotionDescription": "DTC FocoCoconutWate B1G40PTS", "nationalBannerCode": "004", "currencyCode": "CAD", "startDate": 1766620800}, {"file_timestamp": 1765955707, "storeNumber": "9635", "lastModifiedDateTime": 1765996228, "endDate": 1767225599, "promotionComplianceFlag": true, "promotionReward": [{"rewardShortDesc": "Points", "applyTo": 1, "rewardNumber": 2, "membershipLevelText": "YYYYYYYYYYYYYYYY", "rewardTrigger": 1, "rewardTypeCode": 7, "rewardType": 7, "isGroupOfferReward": true, "rewardLevel": 0, "items": [{"universalProductCode": "1622991457", "articleNumber": "684641", "baseUOM": "EA"}], "value1Value20": [{"value_15": "", "value_16": "", "value_13": "", "value_14": "", "value_8": "", "value_19": "", "value_9": "", "value_6": "", "value_17": "", "value_7": "", "value_18": "", "value_4": "", "value_5": "", "value_2": "", "value_3": "", "value_1": "80.00", "value_11": "", "value_12": "", "value_20": "", "value_10": ""}]}], "promotionNumber": 7663240, "couponLimit": 1, "source": "CMA", "posType": "ACS", "salesOrganization": "5100", "regionCode": "wms", "promotionPlanner": "N", "correlationId": "46c1e18624f944ff8d958104f4314eb5", "id": "CMA_9635_7663240", "loadToCardFlag": "Y", "distributionChannel": "62", "posOfferID": "40593574467", "trans_Cd": "A", "promotionCondition": [{"isGroupOfferCondition": true, "breakpointFlag": "N", "conditionType": 1, "conditionShortDesc": "QTY", "fieldsUsed": 1, "conditionNumber": 1, "conditionLevel": 0, "items": [{"universalProductCode": "1622991457", "articleNumber": "684641", "baseUOM": "EA"}], "value1Value20": [{"value_15": "", "value_16": "", "value_13": "", "value_14": "", "value_8": "", "value_19": "", "value_9": "", "value_6": "", "value_17": "", "value_7": "", "value_18": "", "value_4": "", "value_5": "", "value_2": "", "value_3": "", "value_1": "1.00", "value_11": "", "value_12": "", "value_20": "", "value_10": ""}]}], "promotionDescriptionFrench": "DTC FocoCoconutWate B1G80PTS", "priority": 1, "activeStatusCode": "A", "promotionDescription": "DTC FocoCoconutWate B1G80PTS", "nationalBannerCode": "004", "currencyCode": "CAD", "startDate": 1766620800}, {"file_timestamp": 1765955707, "storeNumber": "9635", "lastModifiedDateTime": 1765996398, "endDate": 1767225599, "promotionComplianceFlag": true, "promotionReward": [{"rewardShortDesc": "Points", "applyTo": 1, "rewardNumber": 2, "membershipLevelText": "YYYYYYYYYYYYYYYY", "rewardTrigger": 1, "rewardTypeCode": 7, "rewardType": 7, "isGroupOfferReward": true, "rewardLevel": 0, "items": [{"universalProductCode": "1622991457", "articleNumber": "684641", "baseUOM": "EA"}], "value1Value20": [{"value_15": "", "value_16": "", "value_13": "", "value_14": "", "value_8": "", "value_19": "", "value_9": "", "value_6": "", "value_17": "", "value_7": "", "value_18": "", "value_4": "", "value_5": "", "value_2": "", "value_3": "", "value_1": "60.00", "value_11": "", "value_12": "", "value_20": "", "value_10": ""}]}], "promotionNumber": 7663239, "couponLimit": 1, "source": "CMA", "posType": "ACS", "salesOrganization": "5100", "regionCode": "wms", "promotionPlanner": "N", "correlationId": "413f5d8196004471b5190d0fda8f3bfe", "id": "CMA_9635_7663239", "loadToCardFlag": "Y", "distributionChannel": "62", "posOfferID": "40593574466", "trans_Cd": "A", "promotionCondition": [{"isGroupOfferCondition": true, "breakpointFlag": "N", "conditionType": 1, "conditionShortDesc": "QTY", "fieldsUsed": 1, "conditionNumber": 1, "conditionLevel": 0, "items": [{"universalProductCode": "1622991457", "articleNumber": "684641", "baseUOM": "EA"}], "value1Value20": [{"value_15": "", "value_16": "", "value_13": "", "value_14": "", "value_8": "", "value_19": "", "value_9": "", "value_6": "", "value_17": "", "value_7": "", "value_18": "", "value_4": "", "value_5": "", "value_2": "", "value_3": "", "value_1": "1.00", "value_11": "", "value_12": "", "value_20": "", "value_10": ""}]}], "promotionDescriptionFrench": "DTC FocoCoconutWate B1G60PTS", "priority": 1, "activeStatusCode": "A", "promotionDescription": "DTC FocoCoconutWate B1G60PTS", "nationalBannerCode": "004", "currencyCode": "CAD", "startDate": 1766620800}, {"file_timestamp": 1765955707, "storeNumber": "9635", "lastModifiedDateTime": 1765996755, "endDate": 1767225599, "promotionComplianceFlag": true, "promotionReward": [{"rewardShortDesc": "Points", "applyTo": 1, "rewardNumber": 2, "membershipLevelText": "YYYYYYYYYYYYYYYY", "rewardTrigger": 1, "rewardTypeCode": 7, "rewardType": 7, "isGroupOfferReward": true, "rewardLevel": 0, "items": [{"universalProductCode": "1622991457", "articleNumber": "684641", "baseUOM": "EA"}], "value1Value20": [{"value_15": "", "value_16": "", "value_13": "", "value_14": "", "value_8": "", "value_19": "", "value_9": "", "value_6": "", "value_17": "", "value_7": "", "value_18": "", "value_4": "", "value_5": "", "value_2": "", "value_3": "", "value_1": "100.00", "value_11": "", "value_12": "", "value_20": "", "value_10": ""}]}], "promotionNumber": 7663241, "couponLimit": 1, "source": "CMA", "posType": "ACS", "salesOrganization": "5100", "regionCode": "wms", "promotionPlanner": "N", "correlationId": "37680adf51e747fcb879c76d6644a53b", "id": "CMA_9635_7663241", "loadToCardFlag": "Y", "distributionChannel": "62", "posOfferID": "40593574468", "trans_Cd": "A", "promotionCondition": [{"isGroupOfferCondition": true, "breakpointFlag": "N", "conditionType": 1, "conditionShortDesc": "QTY", "fieldsUsed": 1, "conditionNumber": 1, "conditionLevel": 0, "items": [{"universalProductCode": "1622991457", "articleNumber": "684641", "baseUOM": "EA"}], "value1Value20": [{"value_15": "", "value_16": "", "value_13": "", "value_14": "", "value_8": "", "value_19": "", "value_9": "", "value_6": "", "value_17": "", "value_7": "", "value_18": "", "value_4": "", "value_5": "", "value_2": "", "value_3": "", "value_1": "1.00", "value_11": "", "value_12": "", "value_20": "", "value_10": ""}]}], "promotionDescriptionFrench": "DTC FocoCoconutWat B1G100PTS", "priority": 1, "activeStatusCode": "A", "promotionDescription": "DTC FocoCoconutWat B1G100PTS", "nationalBannerCode": "004", "currencyCode": "CAD", "startDate": 1766620800}, {"file_timestamp": 1766482593, "storeNumber": "9635", "lastModifiedDateTime": 1766543242, "endDate": 1767830399, "promotionComplianceFlag": true, "promotionReward": [{"rewardShortDesc": "Points", "applyTo": 1, "rewardNumber": 2, "membershipLevelText": "YYYYYYYYYYYYYYYY", "rewardTrigger": 1, "rewardTypeCode": 7, "rewardType": 7, "isGroupOfferReward": true, "rewardLevel": 0, "items": [{"universalProductCode": "1622991457", "articleNumber": "684641", "baseUOM": "EA"}], "value1Value20": [{"value_15": "", "value_16": "", "value_13": "", "value_14": "", "value_8": "", "value_19": "", "value_9": "", "value_6": "", "value_17": "", "value_7": "", "value_18": "", "value_4": "", "value_5": "", "value_2": "", "value_3": "", "value_1": "80.00", "value_11": "", "value_12": "", "value_20": "", "value_10": ""}]}], "promotionNumber": 7685612, "couponLimit": 1, "source": "CMA", "posType": "ACS", "salesOrganization": "5100", "regionCode": "wms", "promotionPlanner": "N", "correlationId": "4a1382f195bf430f850db6b53ae1b812", "id": "CMA_9635_7685612", "loadToCardFlag": "Y", "distributionChannel": "62", "posOfferID": "40603574467", "trans_Cd": "A", "promotionCondition": [{"isGroupOfferCondition": true, "breakpointFlag": "N", "conditionType": 1, "conditionShortDesc": "QTY", "fieldsUsed": 1, "conditionNumber": 1, "conditionLevel": 0, "items": [{"universalProductCode": "1622991457", "articleNumber": "684641", "baseUOM": "EA"}], "value1Value20": [{"value_15": "", "value_16": "", "value_13": "", "value_14": "", "value_8": "", "value_19": "", "value_9": "", "value_6": "", "value_17": "", "value_7": "", "value_18": "", "value_4": "", "value_5": "", "value_2": "", "value_3": "", "value_1": "1.00", "value_11": "", "value_12": "", "value_20": "", "value_10": ""}]}], "promotionDescriptionFrench": "DTC FocoCoconutWate B1G80PTS", "priority": 1, "activeStatusCode": "A", "promotionDescription": "DTC FocoCoconutWate B1G80PTS", "nationalBannerCode": "004", "currencyCode": "CAD", "startDate": 1767225600}, {"file_timestamp": 1766482593, "storeNumber": "9635", "lastModifiedDateTime": 1766543340, "endDate": 1767830399, "promotionComplianceFlag": true, "promotionReward": [{"rewardShortDesc": "Points", "applyTo": 1, "rewardNumber": 2, "membershipLevelText": "YYYYYYYYYYYYYYYY", "rewardTrigger": 1, "rewardTypeCode": 7, "rewardType": 7, "isGroupOfferReward": true, "rewardLevel": 0, "items": [{"universalProductCode": "1622991457", "articleNumber": "684641", "baseUOM": "EA"}], "value1Value20": [{"value_15": "", "value_16": "", "value_13": "", "value_14": "", "value_8": "", "value_19": "", "value_9": "", "value_6": "", "value_17": "", "value_7": "", "value_18": "", "value_4": "", "value_5": "", "value_2": "", "value_3": "", "value_1": "100.00", "value_11": "", "value_12": "", "value_20": "", "value_10": ""}]}], "promotionNumber": 7685613, "couponLimit": 1, "source": "CMA", "posType": "ACS", "salesOrganization": "5100", "regionCode": "wms", "promotionPlanner": "N", "correlationId": "b37cf296cf19417e9620f0ca2975acca", "id": "CMA_9635_7685613", "loadToCardFlag": "Y", "distributionChannel": "62", "posOfferID": "40603574468", "trans_Cd": "A", "promotionCondition": [{"isGroupOfferCondition": true, "breakpointFlag": "N", "conditionType": 1, "conditionShortDesc": "QTY", "fieldsUsed": 1, "conditionNumber": 1, "conditionLevel": 0, "items": [{"universalProductCode": "1622991457", "articleNumber": "684641", "baseUOM": "EA"}], "value1Value20": [{"value_15": "", "value_16": "", "value_13": "", "value_14": "", "value_8": "", "value_19": "", "value_9": "", "value_6": "", "value_17": "", "value_7": "", "value_18": "", "value_4": "", "value_5": "", "value_2": "", "value_3": "", "value_1": "1.00", "value_11": "", "value_12": "", "value_20": "", "value_10": ""}]}], "promotionDescriptionFrench": "DTC FocoCoconutWat B1G100PTS", "priority": 1, "activeStatusCode": "A", "promotionDescription": "DTC FocoCoconutWat B1G100PTS", "nationalBannerCode": "004", "currencyCode": "CAD", "startDate": 1767225600}, {"file_timestamp": 1766482593, "storeNumber": "9635", "lastModifiedDateTime": 1766543714, "endDate": 1767830399, "promotionComplianceFlag": true, "promotionReward": [{"rewardShortDesc": "Points", "applyTo": 1, "rewardNumber": 2, "membershipLevelText": "YYYYYYYYYYYYYYYY", "rewardTrigger": 1, "rewardTypeCode": 7, "rewardType": 7, "isGroupOfferReward": true, "rewardLevel": 0, "items": [{"universalProductCode": "1622991457", "articleNumber": "684641", "baseUOM": "EA"}], "value1Value20": [{"value_15": "", "value_16": "", "value_13": "", "value_14": "", "value_8": "", "value_19": "", "value_9": "", "value_6": "", "value_17": "", "value_7": "", "value_18": "", "value_4": "", "value_5": "", "value_2": "", "value_3": "", "value_1": "60.00", "value_11": "", "value_12": "", "value_20": "", "value_10": ""}]}], "promotionNumber": 7685611, "couponLimit": 1, "source": "CMA", "posType": "ACS", "salesOrganization": "5100", "regionCode": "wms", "promotionPlanner": "N", "correlationId": "627938a8c9ea4fa48540474f4a01b86c", "id": "CMA_9635_7685611", "loadToCardFlag": "Y", "distributionChannel": "62", "posOfferID": "40603574466", "trans_Cd": "A", "promotionCondition": [{"isGroupOfferCondition": true, "breakpointFlag": "N", "conditionType": 1, "conditionShortDesc": "QTY", "fieldsUsed": 1, "conditionNumber": 1, "conditionLevel": 0, "items": [{"universalProductCode": "1622991457", "articleNumber": "684641", "baseUOM": "EA"}], "value1Value20": [{"value_15": "", "value_16": "", "value_13": "", "value_14": "", "value_8": "", "value_19": "", "value_9": "", "value_6": "", "value_17": "", "value_7": "", "value_18": "", "value_4": "", "value_5": "", "value_2": "", "value_3": "", "value_1": "1.00", "value_11": "", "value_12": "", "value_20": "", "value_10": ""}]}], "promotionDescriptionFrench": "DTC FocoCoconutWate B1G60PTS", "priority": 1, "activeStatusCode": "A", "promotionDescription": "DTC FocoCoconutWate B1G60PTS", "nationalBannerCode": "004", "currencyCode": "CAD", "startDate": 1767225600}, {"file_timestamp": 1766482593, "storeNumber": "9635", "lastModifiedDateTime": 1766544530, "endDate": 1767830399, "promotionComplianceFlag": true, "promotionReward": [{"rewardShortDesc": "Points", "applyTo": 1, "rewardNumber": 2, "membershipLevelText": "YYYYYYYYYYYYYYYY", "rewardTrigger": 1, "rewardTypeCode": 7, "rewardType": 7, "isGroupOfferReward": true, "rewardLevel": 0, "items": [{"universalProductCode": "1622991457", "articleNumber": "684641", "baseUOM": "EA"}], "value1Value20": [{"value_15": "", "value_16": "", "value_13": "", "value_14": "", "value_8": "", "value_19": "", "value_9": "", "value_6": "", "value_17": "", "value_7": "", "value_18": "", "value_4": "", "value_5": "", "value_2": "", "value_3": "", "value_1": "40.00", "value_11": "", "value_12": "", "value_20": "", "value_10": ""}]}], "promotionNumber": 7685610, "couponLimit": 1, "source": "CMA", "posType": "ACS", "salesOrganization": "5100", "regionCode": "wms", "promotionPlanner": "N", "correlationId": "bf04f068505140919c017d9147764699", "id": "CMA_9635_7685610", "loadToCardFlag": "Y", "distributionChannel": "62", "posOfferID": "40603574465", "trans_Cd": "A", "promotionCondition": [{"isGroupOfferCondition": true, "breakpointFlag": "N", "conditionType": 1, "conditionShortDesc": "QTY", "fieldsUsed": 1, "conditionNumber": 1, "conditionLevel": 0, "items": [{"universalProductCode": "1622991457", "articleNumber": "684641", "baseUOM": "EA"}], "value1Value20": [{"value_15": "", "value_16": "", "value_13": "", "value_14": "", "value_8": "", "value_19": "", "value_9": "", "value_6": "", "value_17": "", "value_7": "", "value_18": "", "value_4": "", "value_5": "", "value_2": "", "value_3": "", "value_1": "1.00", "value_11": "", "value_12": "", "value_20": "", "value_10": ""}]}], "promotionDescriptionFrench": "DTC FocoCoconutWate B1G40PTS", "priority": 1, "activeStatusCode": "A", "promotionDescription": "DTC FocoCoconutWate B1G40PTS", "nationalBannerCode": "004", "currencyCode": "CAD", "startDate": 1767225600}], "isMassOffers": false, "storageInstructions": "2 C - 28 C", "keywords": [], "channel": "Voila", "description": "", "discount": 0, "scaleLabelFixedWeightConcat": "", "hierarchicalCategories": {"lvl2": ["Dairy & Eggs > Milk > Flavoured Milk", "Drinks > Water > Coconut Water"], "lvl0": ["Lunar New Year", "International Foods", "Dairy & Eggs", "Drinks"], "lvl1": ["International Foods > East Asian", "Dairy & Eggs > Milk", "Drinks > Water"]}, "priceQuantity": "1", "createdAt": 1765324800, "uom": "EA", "articleNumber": "684641", "nutritionalInformation": {"sugarRoundedOffValue": 12, "calciumValuePercentage": "", "proteinRoundedOffValue": 0.3, "saturatedAndTransFatValuePercentage": 0, "fatRoundedOffValue": 0, "vitaminAValuePercentage": 0, "sobeysMayContain": "", "sugarAlcoholRoundedOffValue": 0, "omega6PublishNutritional": 0, "ingredients": [""], "omega3PublishNutritional": 0, "caloriesRoundedOffValue": 50, "saturatedAndTransFatRoundedOffValue": 0, "servingSize": "250 mL", "proteinValuePercentage": "", "fibreValuePercentage": 0, "sodiumValuePercentage": 2, "polyunsaturatedPublishNutritional": "", "potassiumValuePercentage": 15, "potassiumRoundedOffValue": 500, "carbohydratesRoundedOffValue": 13, "servingUOM": "mL", "calciumRoundedOffValue": "", "vitaminCValuePercentage": 0, "fibreRoundedOffValue": 0, "sugarValuePercentage": 12, "transFatRoundedOffValue": 0, "fatValuePercentage": 0, "ironRoundedOffValue": "", "metricServingSizeRoundedOffValue": 250, "cholesterolRoundedOffValue": 0, "householdMeasureQuantity": "", "saturatedFatRoundedOffValue": 0, "saturatedFatValuePercentage": "", "householdUOM": "", "carbohydratesValuePercentage": "", "ironValuePercentage": "", "sodiumRoundedOffValue": 55, "cholesterolValuePercentage": ""}, "price": 3.49, "milkFatContentRoundedOffPercentage": "", "itemPackCount": 1, "moistureContentRoundedOffPercentage": "", "scenePlusPoints": 0, "discountType": "", "inStock": true, "categories": ["Lunar New Year", "International Foods", "East Asian", "Dairy & Eggs", "Milk", "Flavoured Milk", "Drinks", "Water", "Coconut Water"], "brand": "Foco", "itemAmountUnit": "ML", "updatedAt": 1765398622, "milkFatContentPercentageConcat": "", "images": ["https://media.sobeys.com/original/754000000025700000000030753120_VOILA_488b167577d64bb476cd721eb762cd8fdfb94997.JPG", "https://media.sobeys.com/screen/754000000025700000000030753120_VOILA-S_d1812074a46e0e5e2f544eaea1f636fc11601c2b.JPG", "https://media.sobeys.com/thumb/754000000025700000000030753120_VOILA-S-T_b82371a8672178cf669fc2e13289122dc3e37c3b.JPG", "https://media.sobeys.com/original/016229914578_en_ing_VOILA_5b745e8c2958fb2bd3755c79967a9096a60fc425.JPG", "https://media.sobeys.com/screen/016229914578_en_ing_VOILA-S_a8e3d06299066d73a498422097e03df41eb85786.JPG", "https://media.sobeys.com/thumb/016229914578_en_ing_VOILA-S-T_2013350adb466a5806a99c0f1a820536679de701.JPG", "https://media.sobeys.com/original/016229914578_fr_ing_VOILA_165f5aa4b2d589a9b5378d5a4e26bb9245e39faa.JPG", "https://media.sobeys.com/screen/016229914578_fr_ing_VOILA-S_7eb352210fa8e93fc90de213bd7a71782fca5295.JPG", "https://media.sobeys.com/thumb/016229914578_fr_ing_VOILA-S-T_75352b27062eb161d374dcd411ce53712a016e0b.JPG", "https://media.sobeys.com/original/016229914578_ml_nfp_VOILA_552c6fd2a12a988097474682175b1bd85c66d36f.JPG", "https://media.sobeys.com/screen/016229914578_ml_nfp_VOILA-S_9b21c59a32678a6c392ad33b073a7b33f3c067f7.JPG", "https://media.sobeys.com/thumb/016229914578_ml_nfp_VOILA-S-T_80fae7839e51af68f4573058ee324e66cc9414a4.JPG", "https://media.sobeys.com/original/016229914578_en_alt_713_ld_VOILA_52f0aac569f1f8bc64892432efb584d34961dd13.JPG", "https://media.sobeys.com/screen/016229914578_en_alt_713_ld_VOILA-S_abfc76c6140c6e924047234c7d08dccc33c6fa54.JPG", "https://media.sobeys.com/thumb/016229914578_en_alt_713_ld_VOILA-S-T_2a86fbbab6e23af2b3a639474fb3f4c0ae694f6d.JPG"], "gtin": "00016229914578", "pageSlug": "foco-100--coconut-water-1-l", "productOfCanada": false, "upc": "016229914578", "weight": "1.083 KG", "seasonedRequired": false, "activePromotion": false, "scaleLabelFixedWeightUOM": "", "isVisible": true, "storeId": "9635", "itemAmountValue": "1000", "allergens": {"alcohol": false, "nutFree": false, "peanutFree": false, "mustardFree": false, "glutenFree": false, "vegan": false, "kosher": false, "shellfishFree": false, "oatFree": false, "sulphitesFree": false, "eggFree": false, "sesameFree": false, "lactoseFree": false, "vegetarian": false, "milkFree": false, "halal": false, "tobacco": false, "wheatFree": false, "soyaFree": false, "organic": false}, "moistureContentPercentageConcat": "", "monounsaturatedPublishNutritional": "", "name": "Foco 100% Coconut Water 1 L", "linkeditem": false, "durableLifeCustomerShelfLife": "", "countryOfOrigin": "", "inventoryLevel": 0, "scaleLabelFixedWeight": "", "objectID": "684641_EA_9635", "_highlightResult": {"promotions": [{"promotionDescription": {"value": "", "matchLevel": "none", "matchedWords": []}}, {"promotionDescription": {"value": "DTC FocoCoconutWat B1G100PTS", "matchLevel": "none", "matchedWords": []}}, {"promotionDescription": {"value": "DTC FocoCoconutWate B1G40PTS", "matchLevel": "none", "matchedWords": []}}, {"promotionDescription": {"value": "DTC FocoCoconutWate B1G60PTS", "matchLevel": "none", "matchedWords": []}}, {"promotionDescription": {"value": "DTC FocoCoconutWate B1G80PTS", "matchLevel": "none", "matchedWords": []}}, {"promotionDescription": {"value": "DTC FocoCoconutWate B1G40PTS", "matchLevel": "none", "matchedWords": []}}, {"promotionDescription": {"value": "DTC FocoCoconutWate B1G80PTS", "matchLevel": "none", "matchedWords": []}}, {"promotionDescription": {"value": "DTC FocoCoconutWate B1G60PTS", "matchLevel": "none", "matchedWords": []}}, {"promotionDescription": {"value": "DTC FocoCoconutWat B1G100PTS", "matchLevel": "none", "matchedWords": []}}, {"promotionDescription": {"value": "DTC FocoCoconutWate B1G80PTS", "matchLevel": "none", "matchedWords": []}}, {"promotionDescription": {"value": "DTC FocoCoconutWat B1G100PTS", "matchLevel": "none", "matchedWords": []}}, {"promotionDescription": {"value": "DTC FocoCoconutWate B1G60PTS", "matchLevel": "none", "matchedWords": []}}, {"promotionDescription": {"value": "DTC FocoCoconutWate B1G40PTS", "matchLevel": "none", "matchedWords": []}}], "description": {"value": "", "matchLevel": "none", "matchedWords": []}, "articleNumber": {"value": "684641", "matchLevel": "none", "matchedWords": []}, "nutritionalInformation": {"ingredients": [{"value": "", "matchLevel": "none", "matchedWords": []}]}, "categories": [{"value": "Lunar New Year", "matchLevel": "none", "matchedWords": []}, {"value": "International Foods", "matchLevel": "none", "matchedWords": []}, {"value": "East Asian", "matchLevel": "none", "matchedWords": []}, {"value": "Dairy & Eggs", "matchLevel": "none", "matchedWords": []}, {"value": "<em>Milk</em>", "matchLevel": "full", "fullyHighlighted": true, "matchedWords": ["milk"]}, {"value": "Flavoured <em>Milk</em>", "matchLevel": "full", "fullyHighlighted": false, "matchedWords": ["milk"]}, {"value": "Drinks", "matchLevel": "none", "matchedWords": []}, {"value": "Water", "matchLevel": "none", "matchedWords": []}, {"value": "Coconut Water", "matchLevel": "none", "matchedWords": []}], "brand": {"value": "Foco", "matchLevel": "none", "matchedWords": []}, "upc": {"value": "016229914578", "matchLevel": "none", "matchedWords": []}, "name": {"value": "Foco 100% Coconut Water 1 L", "matchLevel": "none", "matchedWords": []}, "countryOfOrigin": {"value": "", "matchLevel": "none", "matchedWords": []}}}}
{"store": "Sobeys", "site_slug": "sobeys", "source_url": "https://www.sobeys.com/product/fairlife-3.25--whole-milk-1.5-l-(bottle)", "scrape_ts": "2025-12-26T04:20:28.179441Z", "external_id": "811620021791", "name": "Fairlife 3.25% Whole Milk 1.5 L (bottle)", "brand": "Fairlife", "size_text": "1.65 KG EA", "price": 7.49, "currency": "CAD", "unit_price": 4.54, "unit_price_uom": "KG", "image_url": "https://media.sobeys.com/original/910089_EA_en_primary_front_na_112025_VOILA_a69109fdc0b09107c78b1efa8272a598c4061000.JPG", "category_path": "Dairy & Eggs > Milk > Dairy Milk", "availability": "in_stock", "raw_source": {"storageInstructions": "2 C - 5 C", "keywords": [], "channel": "Voila", "description": "We are driven by a simple belief: we can always make the world better. Proper nourishment allows us all to grow and thrive. All Fairlife's milk flows through soft filters to concentrate protein while filtering out half of the natural sugars. <lt/>br<gt/> Fairlife's delicious fairlife ultra-filtered milk has 50% less sugar and 50% more protein than regular chocolate milk. Plus, there are no artificial growth hormones used and it's lactose-free.", "discount": 0, "scaleLabelFixedWeightConcat": "", "hierarchicalCategories": {"lvl2": ["Dairy & Eggs > Milk > Dairy Milk"], "lvl0": ["Dairy & Eggs"], "lvl1": ["Dairy & Eggs > Milk"]}, "priceQuantity": "1", "createdAt": 1764892800, "uom": "EA", "articleNumber": "910089", "nutritionalInformation": {"sugarRoundedOffValue": 6, "calciumValuePercentage": "", "proteinRoundedOffValue": 14, "saturatedAndTransFatValuePercentage": 25, "fatRoundedOffValue": 8, "vitaminAValuePercentage": 15, "sobeysMayContain": "", "sugarAlcoholRoundedOffValue": 0, "omega6PublishNutritional": 0, "ingredients": ["ultrafiltered milk, lactase enzyme, vitamin a palmitate, vitamin d3."], "omega3PublishNutritional": 0, "caloriesRoundedOffValue": 160, "saturatedAndTransFatRoundedOffValue": 5, "servingSize": "250 mL", "proteinValuePercentage": "", "fibreValuePercentage": 0, "sodiumValuePercentage": 5, "polyunsaturatedPublishNutritional": "", "potassiumValuePercentage": 12, "potassiumRoundedOffValue": 400, "carbohydratesRoundedOffValue": 6, "servingUOM": "mL", "calciumRoundedOffValue": "", "vitaminCValuePercentage": 0, "fibreRoundedOffValue": 0, "sugarValuePercentage": 6, "transFatRoundedOffValue": 0, "fatValuePercentage": 11, "ironRoundedOffValue": "", "metricServingSizeRoundedOffValue": 250, "cholesterolRoundedOffValue": 30, "householdMeasureQuantity": "", "saturatedFatRoundedOffValue": 5, "saturatedFatValuePercentage": "", "householdUOM": "", "carbohydratesValuePercentage": "", "ironValuePercentage": "", "sodiumRoundedOffValue": 125, "cholesterolValuePercentage": ""}, "price": 7.49, "milkFatContentRoundedOffPercentage": "", "itemPackCount": 1, "moistureContentRoundedOffPercentage": "", "scenePlusPoints": 0, "discountType": "", "inStock": true, "categories": ["Dairy & Eggs", "Milk", "Dairy Milk"], "brand": "Fairlife", "itemAmountUnit": "ML", "updatedAt": 1764963018, "milkFatContentPercentageConcat": "", "images": ["https://media.sobeys.com/original/910089_EA_en_primary_front_na_112025_VOILA_a69109fdc0b09107c78b1efa8272a598c4061000.JPG", "https://media.sobeys.com/screen/910089_EA_en_primary_front_na_112025_VOILA-S_d265734db335627dcf85a1d888af28f236fb744f.JPG", "https://media.sobeys.com/thumb/910089_EA_en_primary_front_na_112025_VOILA-S-T_2804b614f8b6081b5353a4f439528954b550991c.JPG", "https://media.sobeys.com/original/910089_EA_ml_na_alt_ing_112025_VOILA_1e216421fcf3d2069fbf35241bcdb3cd8d8d994f.JPG", "https://media.sobeys.com/screen/910089_EA_ml_na_alt_ing_112025_VOILA-S_0931d4421267403746c940ffe1eca187bf6f0223.JPG", "https://media.sobeys.com/thumb/910089_EA_ml_na_alt_ing_112025_VOILA-S-T_0ba41a6687be56f4b42fe604f07997c01f3d22a2.JPG", "https://media.sobeys.com/original/910089_EA_en_na_alt_front_112025_MFI_VOILA_7eb17824a4d26a12e5b6ae9d8fd0d8a39995a340.JPG", "https://media.sobeys.com/screen/910089_EA_en_na_alt_front_112025_MFI_VOILA-S_4de0ad453bee806189233d39a4be4f24ab2bfb9c.JPG", "https://media.sobeys.com/thumb/910089_EA_en_na_alt_front_112025_MFI_VOILA-S-T_e4f4192216a050802db354d5e91be981f43965b1.JPG"], "gtin": "00811620021791", "pageSlug": "fairlife-3.25--whole-milk-1.5-l-(bottle)", "productOfCanada": false, "upc": "811620021791", "weight": "1.65 KG", "seasonedRequired": false, "activePromotion": false, "scaleLabelFixedWeightUOM": "", "isVisible": true, "storeId": "8975", "itemAmountValue": "1500", "allergens": {"alcohol": false, "nutFree": false, "peanutFree": false, "mustardFree": false, "glutenFree": false, "vegan": false, "kosher": false, "shellfishFree": false, "oatFree": false, "sulphitesFree": false, "eggFree": false, "sesameFree": false, "lactoseFree": true, "vegetarian": false, "milkFree": false, "halal": false, "tobacco": false, "wheatFree": false, "soyaFree": false, "organic": false}, "moistureContentPercentageConcat": "", "monounsaturatedPublishNutritional": "", "name": "Fairlife 3.25% Whole Milk 1.5 L (bottle)", "linkeditem": false, "durableLifeCustomerShelfLife": "", "isMassOffers": false, "countryOfOrigin": "", "inventoryLevel": 0, "scaleLabelFixedWeight": "", "promotions": [], "objectID": "910089_EA_8975", "_highlightResult": {"description": {"value": "We are driven by a simple belief: we can always make the world better. Proper nourishment allows us all to grow and thrive. All Fairlife's <em>milk</em> flows through soft filters to concentrate protein while filtering out half of the natural sugars. <lt/>br<gt/> Fairlife's delicious fairlife ultra-filtered <em>milk</em> has 50% less sugar and 50% more protein than regular chocolate <em>milk</em>. Plus, there are no artificial growth hormones used and it's lactose-free.", "matchLevel": "full", "fullyHighlighted": false, "matchedWords": ["milk"]}, "articleNumber": {"value": "910089", "matchLevel": "none", "matchedWords": []}, "nutritionalInformation": {"ingredients": [{"value": "ultrafiltered <em>milk</em>, lactase enzyme, vitamin a palmitate, vitamin d3.", "matchLevel": "full", "fullyHighlighted": false, "matchedWords": ["milk"]}]}, "categories": [{"value": "<em>Dairy</em> & Eggs", "matchLevel": "full", "fullyHighlighted": false, "matchedWords": ["milk"]}, {"value": "<em>Milk</em>", "matchLevel": "full", "fullyHighlighted": true, "matchedWords": ["milk"]}, {"value": "<em>Dairy</em> <em>Milk</em>", "matchLevel": "full", "fullyHighlighted": true, "matchedWords": ["milk"]}], "brand": {"value": "Fairlife", "matchLevel": "none", "matchedWords": []}, "upc": {"value": "811620021791", "matchLevel": "none", "matchedWords": []}, "name": {"value": "Fairlife 3.25% Whole <em>Milk</em> 1.5 L (bottle)", "matchLevel": "full", "fullyHighlighted": false, "matchedWords": ["milk"]}, "countryOfOrigin": {"value": "", "matchLevel": "none", "matchedWords": []}}}}
{"store": "Sobeys", "site_slug": "sobeys", "source_url": "https://www.sobeys.com/product/fairlife-2--milk-1.5-l-(bottle)", "scrape_ts": "2025-12-26T04:20:28.179441Z", "external_id": "811620021784", "name": "Fairlife 2% Milk 1.5 L (bottle)", "brand": "Fairlife", "size_text": "1.68 KG EA", "price": 7.99, "currency": "CAD", "unit_price": 4.76, "unit_price_uom": "KG", "image_url": "https://media.sobeys.com/original/910177_EA_en_primary_front_na_112025_VOILA_f5bcc4251c84e90aec5e5cbe6f9787ef0cc7252e.JPG", "category_path": "Dairy & Eggs > Milk > Dairy Milk", "availability": "in_stock", "raw_source": {"storageInstructions": "2 C - 5 C", "keywords": [], "channel": "Voila", "description": "Fairlife is driven by a simple belief: we can always make the world better. Proper nourishment allows us all to grow and thrive. All Fairlife's milk flows through soft filters to concentrate protein while filtering out half of the natural sugars. <lt/>br<gt/> Fairlife's delicious fairlife ultra-filtered milk has 50% less sugar and 50% more protein than regular chocolate milk. Plus, there are no artificial growth hormones used and it's lactose-free.", "discount": 0, "scaleLabelFixedWeightConcat": "", "hierarchicalCategories": {"lvl2": ["Dairy & Eggs > Milk > Dairy Milk"], "lvl0": ["Dairy & Eggs"], "lvl1": ["Dairy & Eggs > Milk"]}, "priceQuantity": "1", "createdAt": 1764892800, "uom": "EA", "articleNumber": "910177", "nutritionalInformation": {"sugarRoundedOffValue": 6, "calciumValuePercentage": "", "proteinRoundedOffValue": 14, "saturatedAndTransFatValuePercentage": 15, "fatRoundedOffValue": 4.5, "vitaminAValuePercentage": 15, "sobeysMayContain": "", "sugarAlcoholRoundedOffValue": 0, "omega6PublishNutritional": 0, "ingredients": ["Partly Skimmed Ultrafiltered Milk, Lactase Enzyme, Vitamin A Palmitate, Vitamin D3."], "omega3PublishNutritional": 0, "caloriesRoundedOffValue": 130, "saturatedAndTransFatRoundedOffValue": 3, "servingSize": "250 mL", "proteinValuePercentage": "", "fibreValuePercentage": 0, "sodiumValuePercentage": 5, "polyunsaturatedPublishNutritional": "", "potassiumValuePercentage": 12, "potassiumRoundedOffValue": 400, "carbohydratesRoundedOffValue": 6, "servingUOM": "mL", "calciumRoundedOffValue": "", "vitaminCValuePercentage": 0, "fibreRoundedOffValue": 0, "sugarValuePercentage": 6, "transFatRoundedOffValue": 0, "fatValuePercentage": 6, "ironRoundedOffValue": "", "metricServingSizeRoundedOffValue": 250, "cholesterolRoundedOffValue": 20, "householdMeasureQuantity": "", "saturatedFatRoundedOffValue": 3, "saturatedFatValuePercentage": "", "householdUOM": "", "carbohydratesValuePercentage": "", "ironValuePercentage": "", "sodiumRoundedOffValue": 125, "cholesterolValuePercentage": ""}, "price": 7.99, "milkFatContentRoundedOffPercentage": "", "itemPackCount": 1, "moistureContentRoundedOffPercentage": "", "scenePlusPoints": 0, "discountType": "", "inStock": true, "categories": ["Dairy & Eggs", "Milk", "Dairy Milk"], "brand": "Fairlife", "itemAmountUnit": "ML", "updatedAt": 1764962120, "milkFatContentPercentageConcat": "", "images": ["https://media.sobeys.com/original/910177_EA_en_primary_front_na_112025_VOILA_f5bcc4251c84e90aec5e5cbe6f9787ef0cc7252e.JPG", "https://media.sobeys.com/screen/910177_EA_en_primary_front_na_112025_VOILA-S_d1083b49b124a5a3a29b7710b68404bc29beb8db.JPG", "https://media.sobeys.com/thumb/910177_EA_en_primary_front_na_112025_VOILA-S-T_e9e87d98c11f38788bbf56293a38a62fb229cd9e.JPG", "https://media.sobeys.com/original/910177_EA_ml_na_alt_ing_112025_VOILA_7c4872151814ce4187c8c3d1a6cb756b2bf9665a.JPG", "https://media.sobeys.com/screen/910177_EA_ml_na_alt_ing_112025_VOILA-S_5b28882f37aa1d400a1e4f2e6dff3bf06b4a7771.JPG", "https://media.sobeys.com/thumb/910177_EA_ml_na_alt_ing_112025_VOILA-S-T_2c027ffcbc4f3784ddcad7d6bb5f2e6dabc66619.JPG", "https://media.sobeys.com/original/910177_EA_ml_na_na_nfp_VOILA_6046f49eba4ed9312d8d229066957f821aa66d3e.JPG", "https://media.sobeys.com/screen/910177_EA_ml_na_na_nfp_VOILA-S_745828c792afdea681e14562e6749f892c5cccd6.JPG", "https://media.sobeys.com/thumb/910177_EA_ml_na_na_nfp_VOILA-S-T_ddebb949434767b9687999e3b8fbc9429fdc0434.JPG", "https://media.sobeys.com/original/910177_EA_en_na_alt_front_112025_MFI_VOILA_c37441a133f87fb42aaf43331173b3b1e0b37378.JPG", "https://media.sobeys.com/screen/910177_EA_en_na_alt_front_112025_MFI_VOILA-S_d98b82d6e271532d3d0eefe2eabc2c2974632df3.JPG", "https://media.sobeys.com/thumb/910177_EA_en_na_alt_front_112025_MFI_VOILA-S-T_c3551402ee62b515862eeda83379cf8d714293d5.JPG"], "gtin": "00811620021784", "pageSlug": "fairlife-2--milk-1.5-l-(bottle)", "productOfCanada": false, "upc": "811620021784", "weight": "1.68 KG", "seasonedRequired": false, "activePromotion": false, "scaleLabelFixedWeightUOM": "", "isVisible": true, "storeId": "9187", "itemAmountValue": "1500", "allergens": {"alcohol": false, "nutFree": false, "peanutFree": false, "mustardFree": false, "glutenFree": false, "vegan": false, "kosher": false, "shellfishFree": false, "oatFree": false, "sulphitesFree": false, "eggFree": false, "sesameFree": false, "lactoseFree": true, "vegetarian": false, "milkFree": false, "halal": false, "tobacco": false, "wheatFree": false, "soyaFree": false, "organic": false}, "moistureContentPercentageConcat": "", "monounsaturatedPublishNutritional": "", "name": "Fairlife 2% Milk 1.5 L (bottle)", "linkeditem": false, "durableLifeCustomerShelfLife": "", "isMassOffers": false, "countryOfOrigin": "", "inventoryLevel": 0, "scaleLabelFixedWeight": "", "promotions": [{"file_timestamp": 1765272126, "storeNumber": "9187", "lastModifiedDateTime": 1765333404, "endDate": 1766620799, "promotionComplianceFlag": true, "promotionReward": [{"rewardShortDesc": "Points", "applyTo": 1, "rewardNumber": 2, "membershipLevelText": "YYYYYYYYYYYYYYYY", "rewardTrigger": 2, "rewardTypeCode": 7, "rewardType": 7, "isGroupOfferReward": true, "rewardLevel": 0, "items": [{"universalProductCode": "81162002178", "articleNumber": "910177", "baseUOM": "EA"}], "value1Value20": [{"value_15": "", "value_16": "", "value_13": "", "value_14": "", "value_8": "", "value_19": "", "value_9": "", "value_6": "", "value_17": "", "value_7": "", "value_18": "", "value_4": "", "value_5": "", "value_2": "", "value_3": "", "value_1": "65.00", "value_11": "", "value_12": "", "value_20": "", "value_10": ""}]}], "promotionNumber": 1081205, "couponLimit": 1, "source": "CMA", "posType": "ACS", "salesOrganization": "3000", "regionCode": "ams", "promotionPlanner": "N", "correlationId": "3d57cbbd8cc24a8d9145d699e5e0810f", "id": "CMA_9187_1081205", "loadToCardFlag": "Y", "distributionChannel": "78", "posOfferID": "40583502937", "trans_Cd": "A", "promotionCondition": [{"isGroupOfferCondition": true, "breakpointFlag": "N", "conditionType": 1, "conditionShortDesc": "QTY", "fieldsUsed": 1, "conditionNumber": 1, "conditionLevel": 0, "items": [{"universalProductCode": "81162002178", "articleNumber": "910177", "baseUOM": "EA"}], "value1Value20": [{"value_15": "", "value_16": "", "value_13": "", "value_14": "", "value_8": "", "value_19": "", "value_9": "", "value_6": "", "value_17": "", "value_7": "", "value_18": "", "value_4": "", "value_5": "", "value_2": "", "value_3": "", "value_1": "2.00", "value_11": "", "value_12": "", "value_20": "", "value_10": ""}]}], "promotionDescriptionFrench": "DTC FairlifeMilk1.5 B2G65PTS", "priority": 1, "activeStatusCode": "A", "promotionDescription": "DTC FairlifeMilk1.5 B2G65PTS", "nationalBannerCode": "031", "currencyCode": "CAD", "startDate": 1766016000}, {"file_timestamp": 1765272126, "storeNumber": "9187", "lastModifiedDateTime": 1765333705, "endDate": 1766620799, "promotionComplianceFlag": true, "promotionReward": [{"rewardShortDesc": "Points", "applyTo": 1, "rewardNumber": 2, "membershipLevelText": "YYYYYYYYYYYYYYYY", "rewardTrigger": 2, "rewardTypeCode": 7, "rewardType": 7, "isGroupOfferReward": true, "rewardLevel": 0, "items": [{"universalProductCode": "81162002178", "articleNumber": "910177", "baseUOM": "EA"}], "value1Value20": [{"value_15": "", "value_16": "", "value_13": "", "value_14": "", "value_8": "", "value_19": "", "value_9": "", "value_6": "", "value_17": "", "value_7": "", "value_18": "", "value_4": "", "value_5": "", "value_2": "", "value_3": "", "value_1": "95.00", "value_11": "", "value_12": "", "value_20": "", "value_10": ""}]}], "promotionNumber": 1081206, "couponLimit": 1, "source": "CMA", "posType": "ACS", "salesOrganization": "3000", "regionCode": "ams", "promotionPlanner": "N", "correlationId": "6fe51d3e7e524403a4b245b764df50ad", "id": "CMA_9187_1081206", "loadToCardFlag": "Y", "distributionChannel": "78", "posOfferID": "40583502938", "trans_Cd": "A", "promotionCondition": [{"isGroupOfferCondition": true, "breakpointFlag": "N", "conditionType": 1, "conditionShortDesc": "QTY", "fieldsUsed": 1, "conditionNumber": 1, "conditionLevel": 0, "items": [{"universalProductCode": "81162002178", "articleNumber": "910177", "baseUOM": "EA"}], "value1Value20": [{"value_15": "", "value_16": "", "value_13": "", "value_14": "", "value_8": "", "value_19": "", "value_9": "", "value_6": "", "value_17": "", "value_7": "", "value_18": "", "value_4": "", "value_5": "", "value_2": "", "value_3": "", "value_1": "2.00", "value_11": "", "value_12": "", "value_20": "", "value_10": ""}]}], "promotionDescriptionFrench": "DTC FairlifeMilk1.5 B2G95PTS", "priority": 1, "activeStatusCode": "A", "promotionDescription": "DTC FairlifeMilk1.5 B2G95PTS", "nationalBannerCode": "031", "currencyCode": "CAD", "startDate": 1766016000}, {"file_timestamp": 1765272126, "storeNumber": "9187", "lastModifiedDateTime": 1765334610, "endDate": 1766620799, "promotionComplianceFlag": true, "promotionReward": [{"rewardShortDesc": "Points", "applyTo": 1, "rewardNumber": 2, "membershipLevelText": "YYYYYYYYYYYYYYYY", "rewardTrigger": 2, "rewardTypeCode": 7, "rewardType": 7, "isGroupOfferReward": true, "rewardLevel": 0, "items": [{"universalProductCode": "81162002178", "articleNumber": "910177", "baseUOM": "EA"}], "value1Value20": [{"value_15": "", "value_16": "", "value_13": "", "value_14": "", "value_8": "", "value_19": "", "value_9": "", "value_6": "", "value_17": "", "value_7": "", "value_18": "", "value_4": "", "value_5": "", "value_2": "", "value_3": "", "value_1": "160.00", "value_11": "", "value_12": "", "value_20": "", "value_10": ""}]}], "promotionNumber": 1081208, "couponLimit": 1, "source": "CMA", "posType": "ACS", "salesOrganization": "3000", "regionCode": "ams", "promotionPlanner": "N", "correlationId": "4c7b83eb605b46d8b3fed027f629647f", "id": "CMA_9187_1081208", "loadToCardFlag": "Y", "distributionChannel": "78", "posOfferID": "40583502940", "trans_Cd": "A", "promotionCondition": [{"isGroupOfferCondition": true, "breakpointFlag": "N", "conditionType": 1, "conditionShortDesc": "QTY", "fieldsUsed": 1, "conditionNumber": 1, "conditionLevel": 0, "items": [{"universalProductCode": "81162002178", "articleNumber": "910177", "baseUOM": "EA"}], "value1Value20": [{"value_15": "", "value_16": "", "value_13": "", "value_14": "", "value_8": "", "value_19": "", "value_9": "", "value_6": "", "value_17": "", "value_7": "", "value_18": "", "value_4": "", "value_5": "", "value_2": "", "value_3": "", "value_1": "2.00", "value_11": "", "value_12": "", "value_20": "", "value_10": ""}]}], "promotionDescriptionFrench": "DTC FairlifeMilk1. B2G160PTS", "priority": 1, "activeStatusCode": "A", "promotionDescription": "DTC FairlifeMilk1. B2G160PTS", "nationalBannerCode": "031", "currencyCode": "CAD", "startDate": 1766016000}, {"file_timestamp": 1765272126, "storeNumber": "9187", "lastModifiedDateTime": 1765336331, "endDate": 1766620799, "promotionComplianceFlag": true, "promotionReward": [{"rewardShortDesc": "Points", "applyTo": 1, "rewardNumber": 2, "membershipLevelText": "YYYYYYYYYYYYYYYY", "rewardTrigger": 2, "rewardTypeCode": 7, "rewardType": 7, "isGroupOfferReward": true, "rewardLevel": 0, "items": [{"universalProductCode": "81162002178", "articleNumber": "910177", "baseUOM": "EA"}], "value1Value20": [{"value_15": "", "value_16": "", "value_13": "", "value_14": "", "value_8": "", "value_19": "", "value_9": "", "value_6": "", "value_17": "", "value_7": "", "value_18": "", "value_4": "", "value_5": "", "value_2": "", "value_3": "", "value_1": "130.00", "value_11": "", "value_12": "", "value_20": "", "value_10": ""}]}], "promotionNumber": 1081207, "couponLimit": 1, "source": "CMA", "posType": "ACS", "salesOrganization": "3000", "regionCode": "ams", "promotionPlanner": "N", "correlationId": "dcab53b2df334366b64a9e52b6fed6df", "id": "CMA_9187_1081207", "loadToCardFlag": "Y", "distributionChannel": "78", "posOfferID": "40583502939", "trans_Cd": "A", "promotionCondition": [{"isGroupOfferCondition": true, "breakpointFlag": "N", "conditionType": 1, "conditionShortDesc": "QTY", "fieldsUsed": 1, "conditionNumber": 1, "conditionLevel": 0, "items": [{"universalProductCode": "81162002178", "articleNumber": "910177", "baseUOM": "EA"}], "value1Value20": [{"value_15": "", "value_16": "", "value_13": "", "value_14": "", "value_8": "", "value_19": "", "value_9": "", "value_6": "", "value_17": "", "value_7": "", "value_18": "", "value_4": "", "value_5": "", "value_2": "", "value_3": "", "value_1": "2.00", "value_11": "", "value_12": "", "value_20": "", "value_10": ""}]}], "promotionDescriptionFrench": "DTC FairlifeMilk1. B2G130PTS", "priority": 1, "activeStatusCode": "A", "promotionDescription": "DTC FairlifeMilk1. B2G130PTS", "nationalBannerCode": "031", "currencyCode": "CAD", "startDate": 1766016000}, {"file_timestamp": 1765876600, "storeNumber": "9187", "lastModifiedDateTime": 1765925070, "endDate": 1767225599, "promotionComplianceFlag": true, "promotionReward": [{"rewardShortDesc": "Points", "applyTo": 1, "rewardNumber": 2, "membershipLevelText": "YYYYYYYYYYYYYYYY", "rewardTrigger": 2, "rewardTypeCode": 7, "rewardType": 7, "isGroupOfferReward": true, "rewardLevel": 0, "items": [{"universalProductCode": "81162002178", "articleNumber": "910177", "baseUOM": "EA"}], "value1Value20": [{"value_15": "", "value_16": "", "value_13": "", "value_14": "", "value_8": "", "value_19": "", "value_9": "", "value_6": "", "value_17": "", "value_7": "", "value_18": "", "value_4": "", "value_5": "", "value_2": "", "value_3": "", "value_1": "95.00", "value_11": "", "value_12": "", "value_20": "", "value_10": ""}]}], "promotionNumber": 1157987, "couponLimit": 1, "source": "CMA", "posType": "ACS", "salesOrganization": "3000", "regionCode": "ams", "promotionPlanner": "N", "correlationId": "a85e35e8cea442568f31c8f7ca059fd0", "id": "CMA_9187_1157987", "loadToCardFlag": "Y", "distributionChannel": "78", "posOfferID": "40593502938", "trans_Cd": "A", "promotionCondition": [{"isGroupOfferCondition": true, "breakpointFlag": "N", "conditionType": 1, "conditionShortDesc": "QTY", "fieldsUsed": 1, "conditionNumber": 1, "conditionLevel": 0, "items": [{"universalProductCode": "81162002178", "articleNumber": "910177", "baseUOM": "EA"}], "value1Value20": [{"value_15": "", "value_16": "", "value_13": "", "value_14": "", "value_8": "", "value_19": "", "value_9": "", "value_6": "", "value_17": "", "value_7": "", "value_18": "", "value_4": "", "value_5": "", "value_2": "", "value_3": "", "value_1": "2.00", "value_11": "", "value_12": "", "value_20": "", "value_10": ""}]}], "promotionDescriptionFrench": "DTC FairlifeMilk1.5 B2G95PTS", "priority": 1, "activeStatusCode": "A", "promotionDescription": "DTC FairlifeMilk1.5 B2G95PTS", "nationalBannerCode": "031", "currencyCode": "CAD", "startDate": 1766620800}, {"file_timestamp": 1765876600, "storeNumber": "9187", "lastModifiedDateTime": 1765925281, "endDate": 1767225599, "promotionComplianceFlag": true, "promotionReward": [{"rewardShortDesc": "Points", "applyTo": 1, "rewardNumber": 2, "membershipLevelText": "YYYYYYYYYYYYYYYY", "rewardTrigger": 2, "rewardTypeCode": 7, "rewardType": 7, "isGroupOfferReward": true, "rewardLevel": 0, "items": [{"universalProductCode": "81162002178", "articleNumber": "910177", "baseUOM": "EA"}], "value1Value20": [{"value_15": "", "value_16": "", "value_13": "", "value_14": "", "value_8": "", "value_19": "", "value_9": "", "value_6": "", "value_17": "", "value_7": "", "value_18": "", "value_4": "", "value_5": "", "value_2": "", "value_3": "", "value_1": "160.00", "value_11": "", "value_12": "", "value_20": "", "value_10": ""}]}], "promotionNumber": 1157989, "couponLimit": 1, "source": "CMA", "posType": "ACS", "salesOrganization": "3000", "regionCode": "ams", "promotionPlanner": "N", "correlationId": "c71805722fda466e83a342046e8f4c60", "id": "CMA_9187_1157989", "loadToCardFlag": "Y", "distributionChannel": "78", "posOfferID": "40593502940", "trans_Cd": "A", "promotionCondition": [{"isGroupOfferCondition": true, "breakpointFlag": "N", "conditionType": 1, "conditionShortDesc": "QTY", "fieldsUsed": 1, "conditionNumber": 1, "conditionLevel": 0, "items": [{"universalProductCode": "81162002178", "articleNumber": "910177", "baseUOM": "EA"}], "value1Value20": [{"value_15": "", "value_16": "", "value_13": "", "value_14": "", "value_8": "", "value_19": "", "value_9": "", "value_6": "", "value_17": "", "value_7": "", "value_18": "", "value_4": "", "value_5": "", "value_2": "", "value_3": "", "value_1": "2.00", "value_11": "", "value_12": "", "value_20": "", "value_10": ""}]}], "promotionDescriptionFrench": "DTC FairlifeMilk1. B2G160PTS", "priority": 1, "activeStatusCode": "A", "promotionDescription": "DTC FairlifeMilk1. B2G160PTS", "nationalBannerCode": "031", "currencyCode": "CAD", "startDate": 1766620800}, {"file_timestamp": 1765876600, "storeNumber": "9187", "lastModifiedDateTime": 1765925541, "endDate": 1767225599, "promotionComplianceFlag": true, "promotionReward": [{"rewardShortDesc": "Points", "applyTo": 1, "rewardNumber": 2, "membershipLevelText": "YYYYYYYYYYYYYYYY", "rewardTrigger": 2, "rewardTypeCode": 7, "rewardType": 7, "isGroupOfferReward": true, "rewardLevel": 0, "items": [{"universalProductCode": "81162002178", "articleNumber": "910177", "baseUOM": "EA"}], "value1Value20": [{"value_15": "", "value_16": "", "value_13": "", "value_14": "", "value_8": "", "value_19": "", "value_9": "", "value_6": "", "value_17": "", "value_7": "", "value_18": "", "value_4": "", "value_5": "", "value_2": "", "value_3": "", "value_1": "65.00", "value_11": "", "value_12": "", "value_20": "", "value_10": ""}]}], "promotionNumber": 1157986, "couponLimit": 1, "source": "CMA", "posType": "ACS", "salesOrganization": "3000", "regionCode": "ams", "promotionPlanner": "N", "correlationId": "8be226b02a9e4bb98053adce83b4ac88", "id": "CMA_9187_1157986", "loadToCardFlag": "Y", "distributionChannel": "78", "posOfferID": "40593502937", "trans_Cd": "A", "promotionCondition": [{"isGroupOfferCondition": true, "breakpointFlag": "N", "conditionType": 1, "conditionShortDesc": "QTY", "fieldsUsed": 1, "conditionNumber": 1, "conditionLevel": 0, "items": [{"universalProductCode": "81162002178", "articleNumber": "910177", "baseUOM": "EA"}], "value1Value20": [{"value_15": "", "value_16": "", "value_13": "", "value_14": "", "value_8": "", "value_19": "", "value_9": "", "value_6": "", "value_17": "", "value_7": "", "value_18": "", "value_4": "", "value_5": "", "value_2": "", "value_3": "", "value_1": "2.00", "value_11": "", "value_12": "", "value_20": "", "value_10": ""}]}], "promotionDescriptionFrench": "DTC FairlifeMilk1.5 B2G65PTS", "priority": 1, "activeStatusCode": "A", "promotionDescription": "DTC FairlifeMilk1.5 B2G65PTS", "nationalBannerCode": "031", "currencyCode": "CAD", "startDate": 1766620800}, {"file_timestamp": 1765876600, "storeNumber": "9187", "lastModifiedDateTime": 1765926225, "endDate": 1767225599, "promotionComplianceFlag": true, "promotionReward": [{"rewardShortDesc": "Points", "applyTo": 1, "rewardNumber": 2, "membershipLevelText": "YYYYYYYYYYYYYYYY", "rewardTrigger": 2, "rewardTypeCode": 7, "rewardType": 7, "isGroupOfferReward": true, "rewardLevel": 0, "items": [{"universalProductCode": "81162002178", "articleNumber": "910177", "baseUOM": "EA"}], "value1Value20": [{"value_15": "", "value_16": "", "value_13": "", "value_14": "", "value_8": "", "value_19": "", "value_9": "", "value_6": "", "value_17": "", "value_7": "", "value_18": "", "value_4": "", "value_5": "", "value_2": "", "value_3": "", "value_1": "130.00", "value_11": "", "value_12": "", "value_20": "", "value_10": ""}]}], "promotionNumber": 1157988, "couponLimit": 1, "source": "CMA", "posType": "ACS", "salesOrganization": "3000", "regionCode": "ams", "promotionPlanner": "N", "correlationId": "b9bcaccc77954c8fa8669fdc37350b0a", "id": "CMA_9187_1157988", "loadToCardFlag": "Y", "distributionChannel": "78", "posOfferID": "40593502939", "trans_Cd": "A", "promotionCondition": [{"isGroupOfferCondition": true, "breakpointFlag": "N", "conditionType": 1, "conditionShortDesc": "QTY", "fieldsUsed": 1, "conditionNumber": 1, "conditionLevel": 0, "items": [{"universalProductCode": "81162002178", "articleNumber": "910177", "baseUOM": "EA"}], "value1Value20": [{"value_15": "", "value_16": "", "value_13": "", "value_14": "", "value_8": "", "value_19": "", "value_9": "", "value_6": "", "value_17": "", "value_7": "", "value_18": "", "value_4": "", "value_5": "", "value_2": "", "value_3": "", "value_1": "2.00", "value_11": "", "value_12": "", "value_20": "", "value_10": ""}]}], "promotionDescriptionFrench": "DTC FairlifeMilk1. B2G130PTS", "priority": 1, "activeStatusCode": "A", "promotionDescription": "DTC FairlifeMilk1. B2G130PTS", "nationalBannerCode": "031", "currencyCode": "CAD", "startDate": 1766620800}, {"file_timestamp": 1766482593, "storeNumber": "9187", "lastModifiedDateTime": 1766542733, "endDate": 1767830399, "promotionComplianceFlag": true, "promotionReward": [{"rewardShortDesc": "Points", "applyTo": 1, "rewardNumber": 2, "membershipLevelText": "YYYYYYYYYYYYYYYY", "rewardTrigger": 2, "rewardTypeCode": 7, "rewardType": 7, "isGroupOfferReward": true, "rewardLevel": 0, "items": [{"universalProductCode": "81162002178", "articleNumber": "910177", "baseUOM": "EA"}], "value1Value20": [{"value_15": "", "value_16": "", "value_13": "", "value_14": "", "value_8": "", "value_19": "", "value_9": "", "value_6": "", "value_17": "", "value_7": "", "value_18": "", "value_4": "", "value_5": "", "value_2": "", "value_3": "", "value_1": "95.00", "value_11": "", "value_12": "", "value_20": "", "value_10": ""}]}], "promotionNumber": 1176543, "couponLimit": 1, "source": "CMA", "posType": "ACS", "salesOrganization": "3000", "regionCode": "ams", "promotionPlanner": "N", "correlationId": "79a10e14ac7d41f4a5b8dc46febf6ad9", "id": "CMA_9187_1176543", "loadToCardFlag": "Y", "distributionChannel": "78", "posOfferID": "40603502938", "trans_Cd": "A", "promotionCondition": [{"isGroupOfferCondition": true, "breakpointFlag": "N", "conditionType": 1, "conditionShortDesc": "QTY", "fieldsUsed": 1, "conditionNumber": 1, "conditionLevel": 0, "items": [{"universalProductCode": "81162002178", "articleNumber": "910177", "baseUOM": "EA"}], "value1Value20": [{"value_15": "", "value_16": "", "value_13": "", "value_14": "", "value_8": "", "value_19": "", "value_9": "", "value_6": "", "value_17": "", "value_7": "", "value_18": "", "value_4": "", "value_5": "", "value_2": "", "value_3": "", "value_1": "2.00", "value_11": "", "value_12": "", "value_20": "", "value_10": ""}]}], "promotionDescriptionFrench": "DTC FairlifeMilk1.5 B2G95PTS", "priority": 1, "activeStatusCode": "A", "promotionDescription": "DTC FairlifeMilk1.5 B2G95PTS", "nationalBannerCode": "031", "currencyCode": "CAD", "startDate": 1767225600}, {"file_timestamp": 1766482593, "storeNumber": "9187", "lastModifiedDateTime": 1766543013, "endDate": 1767830399, "promotionComplianceFlag": true, "promotionReward": [{"rewardShortDesc": "Points", "applyTo": 1, "rewardNumber": 2, "membershipLevelText": "YYYYYYYYYYYYYYYY", "rewardTrigger": 2, "rewardTypeCode": 7, "rewardType": 7, "isGroupOfferReward": true, "rewardLevel": 0, "items": [{"universalProductCode": "81162002178", "articleNumber": "910177", "baseUOM": "EA"}], "value1Value20": [{"value_15": "", "value_16": "", "value_13": "", "value_14": "", "value_8": "", "value_19": "", "value_9": "", "value_6": "", "value_17": "", "value_7": "", "value_18": "", "value_4": "", "value_5": "", "value_2": "", "value_3": "", "value_1": "65.00", "value_11": "", "value_12": "", "value_20": "", "value_10": ""}]}], "promotionNumber": 1176542, "couponLimit": 1, "source": "CMA", "posType": "ACS", "salesOrganization": "3000", "regionCode": "ams", "promotionPlanner": "N", "correlationId": "85614dab0891489598d7e63b0440efe7", "id": "CMA_9187_1176542", "loadToCardFlag": "Y", "distributionChannel": "78", "posOfferID": "40603502937", "trans_Cd": "A", "promotionCondition": [{"isGroupOfferCondition": true, "breakpointFlag": "N", "conditionType": 1, "conditionShortDesc": "QTY", "fieldsUsed": 1, "conditionNumber": 1, "conditionLevel": 0, "items": [{"universalProductCode": "81162002178", "articleNumber": "910177", "baseUOM": "EA"}], "value1Value20": [{"value_15": "", "value_16": "", "value_13": "", "value_14": "", "value_8": "", "value_19": "", "value_9": "", "value_6": "", "value_17": "", "value_7": "", "value_18": "", "value_4": "", "value_5": "", "value_2": "", "value_3": "", "value_1": "2.00", "value_11": "", "value_12": "", "value_20": "", "value_10": ""}]}], "promotionDescriptionFrench": "DTC FairlifeMilk1.5 B2G65PTS", "priority": 1, "activeStatusCode": "A", "promotionDescription": "DTC FairlifeMilk1.5 B2G65PTS", "nationalBannerCode": "031", "currencyCode": "CAD", "startDate": 1767225600}, {"file_timestamp": 1766482593, "storeNumber": "9187", "lastModifiedDateTime": 1766544384, "endDate": 1767830399, "promotionComplianceFlag": true, "promotionReward": [{"rewardShortDesc": "Points", "applyTo": 1, "rewardNumber": 2, "membershipLevelText": "YYYYYYYYYYYYYYYY", "rewardTrigger": 2, "rewardTypeCode": 7, "rewardType": 7, "isGroupOfferReward": true, "rewardLevel": 0, "items": [{"universalProductCode": "81162002178", "articleNumber": "910177", "baseUOM": "EA"}], "value1Value20": [{"value_15": "", "value_16": "", "value_13": "", "value_14": "", "value_8": "", "value_19": "", "value_9": "", "value_6": "", "value_17": "", "value_7": "", "value_18": "", "value_4": "", "value_5": "", "value_2": "", "value_3": "", "value_1": "160.00", "value_11": "", "value_12": "", "value_20": "", "value_10": ""}]}], "promotionNumber": 1176545, "couponLimit": 1, "source": "CMA", "posType": "ACS", "salesOrganization": "3000", "regionCode": "ams", "promotionPlanner": "N", "correlationId": "85b2ec790b3a44619a430819d5a6e1f5", "id": "CMA_9187_1176545", "loadToCardFlag": "Y", "distributionChannel": "78", "posOfferID": "40603502940", "trans_Cd": "A", "promotionCondition": [{"isGroupOfferCondition": true, "breakpointFlag": "N", "conditionType": 1, "conditionShortDesc": "QTY", "fieldsUsed": 1, "conditionNumber": 1, "conditionLevel": 0, "items": [{"universalProductCode": "81162002178", "articleNumber": "910177", "baseUOM": "EA"}], "value1Value20": [{"value_15": "", "value_16": "", "value_13": "", "value_14": "", "value_8": "", "value_19": "", "value_9": "", "value_6": "", "value_17": "", "value_7": "", "value_18": "", "value_4": "", "value_5": "", "value_2": "", "value_3": "", "value_1": "2.00", "value_11": "", "value_12": "", "value_20": "", "value_10": ""}]}], "promotionDescriptionFrench": "DTC FairlifeMilk1. B2G160PTS", "priority": 1, "activeStatusCode": "A", "promotionDescription": "DTC FairlifeMilk1. B2G160PTS", "nationalBannerCode": "031", "currencyCode": "CAD", "startDate": 1767225600}, {"file_timestamp": 1766482593, "storeNumber": "9187", "lastModifiedDateTime": 1766545034, "endDate": 1767830399, "promotionComplianceFlag": true, "promotionReward": [{"rewardShortDesc": "Points", "applyTo": 1, "rewardNumber": 2, "membershipLevelText": "YYYYYYYYYYYYYYYY", "rewardTrigger": 2, "rewardTypeCode": 7, "rewardType": 7, "isGroupOfferReward": true, "rewardLevel": 0, "items": [{"universalProductCode": "81162002178", "articleNumber": "910177", "baseUOM": "EA"}], "value1Value20": [{"value_15": "", "value_16": "", "value_13": "", "value_14": "", "value_8": "", "value_19": "", "value_9": "", "value_6": "", "value_17": "", "value_7": "", "value_18": "", "value_4": "", "value_5": "", "value_2": "", "value_3": "", "value_1": "130.00", "value_11": "", "value_12": "", "value_20": "", "value_10": ""}]}], "promotionNumber": 1176544, "couponLimit": 1, "source": "CMA", "posType": "ACS", "salesOrganization": "3000", "regionCode": "ams", "promotionPlanner": "N", "correlationId": "005f206752dc420b80fbd7c3167fbdca", "id": "CMA_9187_1176544", "loadToCardFlag": "Y", "distributionChannel": "78", "posOfferID": "40603502939", "trans_Cd": "A", "promotionCondition": [{"isGroupOfferCondition": true, "breakpointFlag": "N", "conditionType": 1, "conditionShortDesc": "QTY", "fieldsUsed": 1, "conditionNumber": 1, "conditionLevel": 0, "items": [{"universalProductCode": "81162002178", "articleNumber": "910177", "baseUOM": "EA"}], "value1Value20": [{"value_15": "", "value_16": "", "value_13": "", "value_14": "", "value_8": "", "value_19": "", "value_9": "", "value_6": "", "value_17": "", "value_7": "", "value_18": "", "value_4": "", "value_5": "", "value_2": "", "value_3": "", "value_1": "2.00", "value_11": "", "value_12": "", "value_20": "", "value_10": ""}]}], "promotionDescriptionFrench": "DTC FairlifeMilk1. B2G130PTS", "priority": 1, "activeStatusCode": "A", "promotionDescription": "DTC FairlifeMilk1. B2G130PTS", "nationalBannerCode": "031", "currencyCode": "CAD", "startDate": 1767225600}], "objectID": "910177_EA_9187", "_highlightResult": {"description": {"value": "Fairlife is driven by a simple belief: we can always make the world better. Proper nourishment allows us all to grow and thrive. All Fairlife's <em>milk</em> flows through soft filters to concentrate protein while filtering out half of the natural sugars. <lt/>br<gt/> Fairlife's delicious fairlife ultra-filtered <em>milk</em> has 50% less sugar and 50% more protein than regular chocolate <em>milk</em>. Plus, there are no artificial growth hormones used and it's lactose-free.", "matchLevel": "full", "fullyHighlighted": false, "matchedWords": ["milk"]}, "articleNumber": {"value": "910177", "matchLevel": "none", "matchedWords": []}, "nutritionalInformation": {"ingredients": [{"value": "Partly Skimmed Ultrafiltered <em>Milk</em>, Lactase Enzyme, Vitamin A Palmitate, Vitamin D3.", "matchLevel": "full", "fullyHighlighted": false, "matchedWords": ["milk"]}]}, "categories": [{"value": "<em>Dairy</em> & Eggs", "matchLevel": "full", "fullyHighlighted": false, "matchedWords": ["milk"]}, {"value": "<em>Milk</em>", "matchLevel": "full", "fullyHighlighted": true, "matchedWords": ["milk"]}, {"value": "<em>Dairy</em> <em>Milk</em>", "matchLevel": "full", "fullyHighlighted": true, "matchedWords": ["milk"]}], "brand": {"value": "Fairlife", "matchLevel": "none", "matchedWords": []}, "upc": {"value": "811620021784", "matchLevel": "none", "matchedWords": []}, "name": {"value": "Fairlife 2% <em>Milk</em> 1.5 L (bottle)", "matchLevel": "full", "fullyHighlighted": false, "matchedWords": ["milk"]}, "countryOfOrigin": {"value": "", "matchLevel": "none", "matchedWords": []}, "promotions": [{"promotionDescription": {"value": "DTC FairlifeMilk1.5 B2G65PTS", "matchLevel": "none", "matchedWords": []}}, {"promotionDescription": {"value": "DTC FairlifeMilk1.5 B2G95PTS", "matchLevel": "none", "matchedWords": []}}, {"promotionDescription": {"value": "DTC FairlifeMilk1. B2G160PTS", "matchLevel": "none", "matchedWords": []}}, {"promotionDescription": {"value": "DTC FairlifeMilk1. B2G130PTS", "matchLevel": "none", "matchedWords": []}}, {"promotionDescription": {"value": "DTC FairlifeMilk1.5 B2G95PTS", "matchLevel": "none", "matchedWords": []}}, {"promotionDescription": {"value": "DTC FairlifeMilk1. B2G160PTS", "matchLevel": "none", "matchedWords": []}}, {"promotionDescription": {"value": "DTC FairlifeMilk1.5 B2G65PTS", "matchLevel": "none", "matchedWords": []}}, {"promotionDescription": {"value": "DTC FairlifeMilk1. B2G130PTS", "matchLevel": "none", "matchedWords": []}}, {"promotionDescription": {"value": "DTC FairlifeMilk1.5 B2G95PTS", "matchLevel": "none", "matchedWords": []}}, {"promotionDescription": {"value": "DTC FairlifeMilk1.5 B2G65PTS", "matchLevel": "none", "matchedWords": []}}, {"promotionDescription": {"value": "DTC FairlifeMilk1. B2G160PTS", "matchLevel": "none", "matchedWords": []}}, {"promotionDescription": {"value": "DTC FairlifeMilk1. B2G130PTS", "matchLevel": "none", "matchedWords": []}}]}}}
{"store": "Sobeys", "site_slug": "sobeys", "source_url": "https://www.sobeys.com/product/natrel-lactose-free-0--milk-1-l", "scrape_ts": "2025-12-26T04:20:28.180367Z", "external_id": "064420154019", "name": "Natrel Lactose-Free 0% Milk 1 L", "brand": "Natrel", "size_text": "1.063 KG EA", "price": 4.65, "currency": "CAD", "unit_price": 4.37, "unit_price_uom": "KG", "image_url": "https://media.sobeys.com/original/671597_EA_ml_primary_front_093024_VOILA_5cbbdbca36f7d76a0bc46720f59429625824da12.JPG", "category_path": "Dairy & Eggs > Milk > Dairy Milk", "availability": "in_stock", "raw_source": {"storageInstructions": "2 C - 5 C", "keywords": [], "channel": "Voila", "description": "Through a unique process, Natrel can preserve the deliciously pure taste of fresh milk in every glass of this product, while removing the lactose that can cause you discomfort. So you can once again benefit from an excellent source of calcium, vitamin D and protein, plus a source of vitamin A. That\u2019s everything you need to maintain a well-balanced diet.", "discount": 0, "scaleLabelFixedWeightConcat": "", "hierarchicalCategories": {"lvl2": ["Dairy & Eggs > Milk > Dairy Milk"], "lvl0": ["Dairy & Eggs"], "lvl1": ["Dairy & Eggs > Milk"]}, "priceQuantity": "1", "createdAt": 1764806400, "uom": "EA", "articleNumber": "671597", "nutritionalInformation": {"sugarRoundedOffValue": 8, "calciumValuePercentage": 27, "proteinRoundedOffValue": 9, "saturatedAndTransFatValuePercentage": 0, "fatRoundedOffValue": 0, "vitaminAValuePercentage": 11, "sobeysMayContain": "", "sugarAlcoholRoundedOffValue": 0, "omega6PublishNutritional": 0, "ingredients": ["Ultrafiltered Skim Milk With Vitamin A Palmitate And Vitamin D3 Added, Water, Lactase."], "omega3PublishNutritional": 0, "caloriesRoundedOffValue": 70, "saturatedAndTransFatRoundedOffValue": 0, "servingSize": "1 cup (250 mL)", "proteinValuePercentage": "", "fibreValuePercentage": 0, "sodiumValuePercentage": 3, "polyunsaturatedPublishNutritional": "", "potassiumValuePercentage": 9, "potassiumRoundedOffValue": 300, "carbohydratesRoundedOffValue": 8, "servingUOM": "mL", "calciumRoundedOffValue": 350, "vitaminCValuePercentage": 0, "fibreRoundedOffValue": 0, "sugarValuePercentage": 8, "transFatRoundedOffValue": 0, "fatValuePercentage": 0, "ironRoundedOffValue": 0, "metricServingSizeRoundedOffValue": 250, "cholesterolRoundedOffValue": 5, "householdMeasureQuantity": 1, "saturatedFatRoundedOffValue": 0, "saturatedFatValuePercentage": "", "householdUOM": "0", "carbohydratesValuePercentage": "", "ironValuePercentage": 0, "sodiumRoundedOffValue": 70, "cholesterolValuePercentage": ""}, "price": 4.65, "milkFatContentRoundedOffPercentage": "", "itemPackCount": 1, "moistureContentRoundedOffPercentage": "", "scenePlusPoints": 0, "discountType": "", "inStock": true, "categories": ["Dairy & Eggs", "Milk", "Dairy Milk"], "brand": "Natrel", "updatedAt": 1764822618, "milkFatContentPercentageConcat": "", "images": ["https://media.sobeys.com/original/671597_EA_ml_primary_front_093024_VOILA_5cbbdbca36f7d76a0bc46720f59429625824da12.JPG", "https://media.sobeys.com/screen/671597_EA_ml_primary_front_093024_VOILA-S_c96e9be06a5c721a5c5ce6fb005825c9dfceaa9d.JPG", "https://media.sobeys.com/thumb/671597_EA_ml_primary_front_093024_VOILA-S-T_a539337170a9a5eff084d1a6563f018146036033.JPG", "https://media.sobeys.com/original/671597_EA_en_alt_ing_061423_VOILA_9ce84312cff05348eb61c9e93fb3e1dd2507dbe9.JPG", "https://media.sobeys.com/screen/671597_EA_en_alt_ing_061423_VOILA-S_d5af135bfadf9e4f43f4177e39d17bba5224e35c.JPG", "https://media.sobeys.com/thumb/671597_EA_en_alt_ing_061423_VOILA-S-T_16902fda523f1a29ff3f2201fe901cd108514307.JPG", "https://media.sobeys.com/original/671597_EA_ml_alt_nfp_061423_VOILA_baaa6be86b7ec28d8673c8bc0711a4e9f3b54bb4.JPG", "https://media.sobeys.com/screen/671597_EA_ml_alt_nfp_061423_VOILA-S_f44ff0fe269f5f769de8c2c8750e250cb89dc821.JPG", "https://media.sobeys.com/thumb/671597_EA_ml_alt_nfp_061423_VOILA-S-T_e7fb8b379b4c8ce1c236f3730a928340c50d2978.JPG"], "gtin": "00064420154019", "pageSlug": "natrel-lactose-free-0--milk-1-l", "upc": "064420154019", "weight": "1.063 KG", "seasonedRequired": false, "activePromotion": false, "scaleLabelFixedWeightUOM": "", "isVisible": true, "storeId": "0685", "allergens": {"alcohol": false, "nutFree": false, "peanutFree": false, "mustardFree": false, "glutenFree": false, "vegan": false, "kosher": false, "shellfishFree": false, "oatFree": false, "sulphitesFree": false, "eggFree": false, "sesameFree": false, "lactoseFree": true, "vegetarian": false, "milkFree": false, "halal": false, "tobacco": false, "wheatFree": false, "soyaFree": false, "organic": false}, "moistureContentPercentageConcat": "", "monounsaturatedPublishNutritional": "", "name": "Natrel Lactose-Free 0% Milk 1 L", "linkeditem": false, "durableLifeCustomerShelfLife": "", "isMassOffers": false, "countryOfOrigin": "", "inventoryLevel": 0, "scaleLabelFixedWeight": "", "itemAmountUnit": "ML", "productOfCanada": false, "itemAmountValue": "1000", "objectID": "671597_EA_0685", "_highlightResult": {"description": {"value": "Through a unique process, Natrel can preserve the deliciously pure taste of fresh <em>milk</em> in every glass of this product, while removing the lactose that can cause you discomfort. So you can once again benefit from an excellent source of calcium, vitamin D and protein, plus a source of vitamin A. That\u2019s everything you need to maintain a well-balanced diet.", "matchLevel": "full", "fullyHighlighted": false, "matchedWords": ["milk"]}, "articleNumber": {"value": "671597", "matchLevel": "none", "matchedWords": []}, "nutritionalInformation": {"ingredients": [{"value": "Ultrafiltered Skim <em>Milk</em> With Vitamin A Palmitate And Vitamin D3 Added, Water, Lactase.", "matchLevel": "full", "fullyHighlighted": false, "matchedWords": ["milk"]}]}, "categories": [{"value": "<em>Dairy</em> & Eggs", "matchLevel": "full", "fullyHighlighted": false, "matchedWords": ["milk"]}, {"value": "<em>Milk</em>", "matchLevel": "full", "fullyHighlighted": true, "matchedWords": ["milk"]}, {"value": "<em>Dairy</em> <em>Milk</em>", "matchLevel": "full", "fullyHighlighted": true, "matchedWords": ["milk"]}], "brand": {"value": "Natrel", "matchLevel": "none", "matchedWords": []}, "upc": {"value": "064420154019", "matchLevel": "none", "matchedWords": []}, "name": {"value": "Natrel Lactose-Free 0% <em>Milk</em> 1 L", "matchLevel": "full", "fullyHighlighted": false, "matchedWords": ["milk"]}, "countryOfOrigin": {"value": "", "matchLevel": "none", "matchedWords": []}}}}
{"store": "Sobeys", "site_slug": "sobeys", "source_url": "https://www.sobeys.com/product/central-dairies-chocolate-milk-2-l", "scrape_ts": "2025-12-26T04:20:28.180367Z", "external_id": "057498059430", "name": "Central Dairies Chocolate Milk 2 L", "brand": "Central Dairies", "size_text": "2.29 KG EA", "price": 6.39, "currency": "CAD", "unit_price": 2.79, "unit_price_uom": "KG", "image_url": "https://media.sobeys.com/original/70233_EA_en_primary_front_na_VOILA_410f8b60dedb4d8d4411ba27c963d0c988a8d5d0.JPG", "category_path": "Dairy & Eggs > Milk > Flavoured Milk", "availability": "in_stock", "raw_source": {"promotions": [], "isMassOffers": false, "storageInstructions": "2 C - 5 C", "keywords": [], "channel": "Voila", "description": "", "discount": 0, "scaleLabelFixedWeightConcat": "", "hierarchicalCategories": {"lvl2": ["Dairy & Eggs > Milk > Flavoured Milk"], "lvl0": ["Dairy & Eggs", "Shop Canada"], "lvl1": ["Dairy & Eggs > Milk", "Shop Canada > Canada Dairy & Eggs"]}, "priceQuantity": "1", "createdAt": 1764720000, "uom": "EA", "articleNumber": "70233", "nutritionalInformation": {"sugarRoundedOffValue": 19, "calciumValuePercentage": 19, "proteinRoundedOffValue": 8, "saturatedAndTransFatValuePercentage": 8, "fatRoundedOffValue": 2.5, "vitaminAValuePercentage": 17, "sobeysMayContain": "", "sugarAlcoholRoundedOffValue": 0, "omega6PublishNutritional": 0, "ingredients": ["Partly Skimmed Milk (Vitamin A Palmitate, Vitamin D3), Sugar, Cocoa, Skim Milk Powder, Salt, Carrageenan, Guar Gum, Colour, Artifical Flavour"], "omega3PublishNutritional": 0, "caloriesRoundedOffValue": 130, "saturatedAndTransFatRoundedOffValue": 1.6, "servingSize": "1 cup (250 mL)", "proteinValuePercentage": "", "fibreValuePercentage": 4, "sodiumValuePercentage": 7, "polyunsaturatedPublishNutritional": "", "potassiumValuePercentage": 12, "potassiumRoundedOffValue": 400, "carbohydratesRoundedOffValue": 20, "servingUOM": "mL", "calciumRoundedOffValue": 250, "vitaminCValuePercentage": 0, "fibreRoundedOffValue": 1, "sugarValuePercentage": 19, "transFatRoundedOffValue": 0.1, "fatValuePercentage": 3, "ironRoundedOffValue": 0.5, "metricServingSizeRoundedOffValue": 250, "cholesterolRoundedOffValue": 10, "householdMeasureQuantity": 1, "saturatedFatRoundedOffValue": 1.5, "saturatedFatValuePercentage": "", "householdUOM": "0", "carbohydratesValuePercentage": "", "ironValuePercentage": 3, "sodiumRoundedOffValue": 170, "cholesterolValuePercentage": ""}, "price": 6.39, "milkFatContentRoundedOffPercentage": "", "itemPackCount": 1, "moistureContentRoundedOffPercentage": "", "scenePlusPoints": 0, "discountType": "", "inStock": true, "categories": ["Dairy & Eggs", "Milk", "Shop Canada", "Canada Dairy & Eggs", "Flavoured Milk"], "brand": "Central Dairies", "itemAmountUnit": "ML", "updatedAt": 1764773170, "milkFatContentPercentageConcat": "", "images": ["https://media.sobeys.com/original/70233_EA_en_primary_front_na_VOILA_410f8b60dedb4d8d4411ba27c963d0c988a8d5d0.JPG", "https://media.sobeys.com/screen/70233_EA_en_primary_front_na_VOILA-S_7d6c16c27528538ebea5762af8a239c1ba48d9f4.JPG", "https://media.sobeys.com/thumb/70233_EA_en_primary_front_na_VOILA-S-T_75f63a8c567687088d887498f23c830ee9e2164c.JPG", "https://media.sobeys.com/original/70233_EA_fr_na_front_na_VOILA_a68c53afed570cc64cda2096730bf743c34e1c24.JPG", "https://media.sobeys.com/screen/70233_EA_fr_na_front_na_VOILA-S_ad9bec58e2b85a886cf8bf5efe9e44d6383e901a.JPG", "https://media.sobeys.com/thumb/70233_EA_fr_na_front_na_VOILA-S-T_941b14a3b60ec3d9f3b1b5cd747c0558e7444553.JPG", "https://media.sobeys.com/original/70233_EA_en_na_na_ing_VOILA_8c953e3504c759f4c4cd795472292adf38269b1f.JPG", "https://media.sobeys.com/screen/70233_EA_en_na_na_ing_VOILA-S_817725a443df4fd737d6e34a59e52f1d5561271b.JPG", "https://media.sobeys.com/thumb/70233_EA_en_na_na_ing_VOILA-S-T_fd0e8ffc88ba5cc781dbb05b9d0d2e06fb53d698.JPG", "https://media.sobeys.com/original/70233_EA_fr_na_na_ing_VOILA_afe3875e3ab0da7b088b2fb8f65fc3e91fca2729.JPG", "https://media.sobeys.com/screen/70233_EA_fr_na_na_ing_VOILA-S_5fe6633fd46349d4ff30a1a7acdd33b5f71790b0.JPG", "https://media.sobeys.com/thumb/70233_EA_fr_na_na_ing_VOILA-S-T_626149065766fd4092e0fb000ce1f057503aee72.JPG", "https://media.sobeys.com/original/754000000017200000000039782260_VOILA_bcf99842024f0fade25efcb79f0acaad5b417bca.JPG", "https://media.sobeys.com/screen/754000000017200000000039782260_VOILA-S_ac042a0c5b65fe275af010a047b6d341cf4f71dd.JPG", "https://media.sobeys.com/thumb/754000000017200000000039782260_VOILA-S-T_bc7d0ea1d676e970d22840b6fff3195f18aacbcd.JPG"], "gtin": "00057498059430", "pageSlug": "central-dairies-chocolate-milk-2-l", "productOfCanada": true, "upc": "057498059430", "weight": "2.29 KG", "seasonedRequired": false, "activePromotion": false, "scaleLabelFixedWeightUOM": "", "isVisible": true, "storeId": "9444", "itemAmountValue": "2000", "allergens": {"alcohol": false, "nutFree": false, "peanutFree": false, "mustardFree": false, "glutenFree": false, "vegan": false, "kosher": false, "shellfishFree": false, "oatFree": false, "sulphitesFree": false, "eggFree": false, "sesameFree": false, "lactoseFree": false, "vegetarian": false, "milkFree": false, "halal": false, "tobacco": false, "wheatFree": false, "soyaFree": false, "organic": false}, "moistureContentPercentageConcat": "", "monounsaturatedPublishNutritional": "", "name": "Central Dairies Chocolate Milk 2 L", "linkeditem": false, "durableLifeCustomerShelfLife": "", "countryOfOrigin": "", "inventoryLevel": 0, "scaleLabelFixedWeight": "", "objectID": "70233_EA_9444", "_highlightResult": {"description": {"value": "", "matchLevel": "none", "matchedWords": []}, "articleNumber": {"value": "70233", "matchLevel": "none", "matchedWords": []}, "nutritionalInformation": {"ingredients": [{"value": "Partly Skimmed <em>Milk</em> (Vitamin A Palmitate, Vitamin D3), Sugar, Cocoa, Skim <em>Milk</em> Powder, Salt, Carrageenan, Guar Gum, Colour, Artifical Flavour", "matchLevel": "full", "fullyHighlighted": false, "matchedWords": ["milk"]}]}, "categories": [{"value": "<em>Dairy</em> & Eggs", "matchLevel": "full", "fullyHighlighted": false, "matchedWords": ["milk"]}, {"value": "<em>Milk</em>", "matchLevel": "full", "fullyHighlighted": true, "matchedWords": ["milk"]}, {"value": "Shop Canada", "matchLevel": "none", "matchedWords": []}, {"value": "Canada <em>Dairy</em> & Eggs", "matchLevel": "full", "fullyHighlighted": false, "matchedWords": ["milk"]}, {"value": "Flavoured <em>Milk</em>", "matchLevel": "full", "fullyHighlighted": false, "matchedWords": ["milk"]}], "brand": {"value": "Central Dairies", "matchLevel": "none", "matchedWords": []}, "upc": {"value": "057498059430", "matchLevel": "none", "matchedWords": []}, "name": {"value": "Central Dairies Chocolate <em>Milk</em> 2 L", "matchLevel": "full", "fullyHighlighted": false, "matchedWords": ["milk"]}, "countryOfOrigin": {"value": "", "matchLevel": "none", "matchedWords": []}}}}
{"store": "Sobeys", "site_slug": "sobeys", "source_url": "https://www.sobeys.com/product/san-miguel-chocolait-chocolate-flavoured-drink-3-x-250-ml", "scrape_ts": "2025-12-26T04:20:28.180367Z", "external_id": "813327010412", "name": "San Miguel Chocolait Chocolate Flavoured Drink 3 x 250 ml", "brand": "San Miguel", "size_text": "0.75 KG EA", "price": 4.47, "currency": "CAD", "unit_price": 5.96, "unit_price_uom": "KG", "image_url": "https://media.sobeys.com/original/754000000014100000000047332434_VOILA_eded701dce796f7066b4dc83d984094890267280.JPG", "category_path": "Dairy & Eggs > Milk > Flavoured Milk", "availability": "in_stock", "raw_source": {"promotions": [], "isMassOffers": false, "storageInstructions": "2 C - 28 C", "keywords": [], "channel": "Voila", "description": "", "discount": 0, "scaleLabelFixedWeightConcat": "", "hierarchicalCategories": {"lvl2": ["Dairy & Eggs > Milk > Flavoured Milk", "Drinks > Coffee > Instant Coffee"], "lvl0": ["Lunar New Year", "International Foods", "Dairy & Eggs", "Drinks"], "lvl1": ["International Foods > Filipino", "Dairy & Eggs > Milk", "Drinks > Coffee"]}, "priceQuantity": "1", "createdAt": 1764633600, "uom": "EA", "articleNumber": "918293", "nutritionalInformation": {"sugarRoundedOffValue": 26, "calciumValuePercentage": "", "proteinRoundedOffValue": 7, "saturatedAndTransFatValuePercentage": 20, "fatRoundedOffValue": 6, "vitaminAValuePercentage": 6, "sobeysMayContain": "", "sugarAlcoholRoundedOffValue": 0, "omega6PublishNutritional": 0, "ingredients": [""], "omega3PublishNutritional": 0, "caloriesRoundedOffValue": 200, "saturatedAndTransFatRoundedOffValue": 4, "servingSize": "250 mL", "proteinValuePercentage": "", "fibreValuePercentage": 11, "sodiumValuePercentage": 4, "polyunsaturatedPublishNutritional": "", "potassiumValuePercentage": 0, "potassiumRoundedOffValue": 0, "carbohydratesRoundedOffValue": 31, "servingUOM": "mL", "calciumRoundedOffValue": "", "vitaminCValuePercentage": 0, "fibreRoundedOffValue": 3, "sugarValuePercentage": 26, "transFatRoundedOffValue": 0, "fatValuePercentage": 8, "ironRoundedOffValue": "", "metricServingSizeRoundedOffValue": 250, "cholesterolRoundedOffValue": 15, "householdMeasureQuantity": "", "saturatedFatRoundedOffValue": 4, "saturatedFatValuePercentage": "", "householdUOM": "", "carbohydratesValuePercentage": "", "ironValuePercentage": "", "sodiumRoundedOffValue": 100, "cholesterolValuePercentage": ""}, "price": 4.47, "milkFatContentRoundedOffPercentage": "", "itemPackCount": 3, "moistureContentRoundedOffPercentage": "", "scenePlusPoints": 0, "discountType": "", "inStock": true, "categories": ["Lunar New Year", "International Foods", "Filipino", "Dairy & Eggs", "Milk", "Flavoured Milk", "Drinks", "Coffee", "Instant Coffee"], "brand": "San Miguel", "itemAmountUnit": "ML", "updatedAt": 1764686728, "milkFatContentPercentageConcat": "", "images": ["https://media.sobeys.com/original/754000000014100000000047332434_VOILA_eded701dce796f7066b4dc83d984094890267280.JPG", "https://media.sobeys.com/screen/754000000014100000000047332434_VOILA-S_cca1f3caa14494025a8a40eb94778be3e1d41113.JPG", "https://media.sobeys.com/thumb/754000000014100000000047332434_VOILA-S-T_18d2c3deb57392b6bc4f6dc5b62550d1019d2f7c.JPG", "https://media.sobeys.com/original/754000000018900000000001067073_VOILA_1565741be8360b025fef7eb5aa005a7ed8ceab6d.JPG", "https://media.sobeys.com/screen/754000000018900000000001067073_VOILA-S_fb27d80b7bab2b22c666757347a80278883504e3.JPG", "https://media.sobeys.com/thumb/754000000018900000000001067073_VOILA-S-T_9b132f6203a4c256f12c6cb851626b092c4fa803.JPG", "https://media.sobeys.com/original/754000000018900000000001067179_VOILA_d0687c3f8f85814b823eca03c7d14a82e70e9de3.JPG", "https://media.sobeys.com/screen/754000000018900000000001067179_VOILA-S_8fb47f2dae583eae466b0f8f77e3fd03e005c707.JPG", "https://media.sobeys.com/thumb/754000000018900000000001067179_VOILA-S-T_c0529ee76dc55a0176e085cb835bb6a6a21fdb5b.JPG", "https://media.sobeys.com/original/754000000017200000000031385217_VOILA_7021c67427b6a1a73f0412e5b74b4da1cc5da1af.JPG", "https://media.sobeys.com/screen/754000000017200000000031385217_VOILA-S_61193c03a62f5d310dd288bd998e2441de3fec1b.JPG", "https://media.sobeys.com/thumb/754000000017200000000031385217_VOILA-S-T_0a2ad1f8917cfe44ec940104b0561bfe84c88943.JPG", "https://media.sobeys.com/original/754000000014100000000047332512_VOILA_f825736ccaec4dfdfed5e04585576d31e068c2d8.JPG", "https://media.sobeys.com/screen/754000000014100000000047332512_VOILA-S_0166e59a68bb2221e48b9411621513f37e516c47.JPG", "https://media.sobeys.com/thumb/754000000014100000000047332512_VOILA-S-T_e223b62644b916fbe9a39f8d32a4af8a101168ff.JPG"], "gtin": "00813327010412", "pageSlug": "san-miguel-chocolait-chocolate-flavoured-drink-3-x-250-ml", "productOfCanada": false, "upc": "813327010412", "weight": "0.75 KG", "seasonedRequired": false, "activePromotion": false, "scaleLabelFixedWeightUOM": "", "isVisible": true, "storeId": "9619", "itemAmountValue": "250", "allergens": {"alcohol": false, "nutFree": false, "peanutFree": false, "mustardFree": false, "glutenFree": false, "vegan": false, "kosher": false, "shellfishFree": false, "oatFree": false, "sulphitesFree": false, "eggFree": false, "sesameFree": false, "lactoseFree": false, "vegetarian": false, "milkFree": false, "halal": false, "tobacco": false, "wheatFree": false, "soyaFree": false, "organic": false}, "moistureContentPercentageConcat": "", "monounsaturatedPublishNutritional": "", "name": "San Miguel Chocolait Chocolate Flavoured Drink 3 x 250 ml", "linkeditem": false, "durableLifeCustomerShelfLife": "", "countryOfOrigin": "", "inventoryLevel": 0, "scaleLabelFixedWeight": "", "objectID": "918293_EA_9619", "_highlightResult": {"description": {"value": "", "matchLevel": "none", "matchedWords": []}, "articleNumber": {"value": "918293", "matchLevel": "none", "matchedWords": []}, "nutritionalInformation": {"ingredients": [{"value": "", "matchLevel": "none", "matchedWords": []}]}, "categories": [{"value": "Lunar New Year", "matchLevel": "none", "matchedWords": []}, {"value": "International Foods", "matchLevel": "none", "matchedWords": []}, {"value": "Filipino", "matchLevel": "none", "matchedWords": []}, {"value": "Dairy & Eggs", "matchLevel": "none", "matchedWords": []}, {"value": "<em>Milk</em>", "matchLevel": "full", "fullyHighlighted": true, "matchedWords": ["milk"]}, {"value": "Flavoured <em>Milk</em>", "matchLevel": "full", "fullyHighlighted": false, "matchedWords": ["milk"]}, {"value": "Drinks", "matchLevel": "none", "matchedWords": []}, {"value": "Coffee", "matchLevel": "none", "matchedWords": []}, {"value": "Instant Coffee", "matchLevel": "none", "matchedWords": []}], "brand": {"value": "San Miguel", "matchLevel": "none", "matchedWords": []}, "upc": {"value": "813327010412", "matchLevel": "none", "matchedWords": []}, "name": {"value": "San Miguel Chocolait Chocolate Flavoured Drink 3 x 250 ml", "matchLevel": "none", "matchedWords": []}, "countryOfOrigin": {"value": "", "matchLevel": "none", "matchedWords": []}}}}
{"store": "Sobeys", "site_slug": "sobeys", "source_url": "https://www.sobeys.com/product/avalon-organics-whipping-cream-500-ml", "scrape_ts": "2025-12-26T04:20:28.180367Z", "external_id": "066939004052", "name": "Avalon Organics Whipping Cream 500 ml", "brand": "Avalon Organics", "size_text": "0.5 KG EA", "price": 6.79, "currency": "CAD", "unit_price": 13.58, "unit_price_uom": "KG", "image_url": "https://media.sobeys.com/original/843973_ea_ml_primary_front_na_123021_VOILA_009c8fb7d27b906485895485c0258444d06dc4b3.JPG", "category_path": "Dairy & Eggs > Milk > Flavoured Milk", "availability": "in_stock", "raw_source": {"storageInstructions": "2 C - 5 C", "keywords": [], "channel": "Voila", "description": "Avalon Organic Whipping Cream will have you whipping up a storm in your kitchen! You can use it to make whipping cream, but did you know you can use this to make butter? Yes - That's right - Butter!\nLooks like this glass bottle has you set for many weekend brunches at home!", "discount": 0, "scaleLabelFixedWeightConcat": "", "hierarchicalCategories": {"lvl2": ["Dairy & Eggs > Milk > Flavoured Milk", "Local > Local Western Canada > Local British Columbia"], "lvl0": ["Dairy & Eggs", "Local"], "lvl1": ["Dairy & Eggs > Whipped Cream", "Dairy & Eggs > Milk", "Local > Local Western Canada"]}, "priceQuantity": "1", "createdAt": 1764547200, "uom": "EA", "articleNumber": "843973", "nutritionalInformation": {"sugarRoundedOffValue": 0, "calciumValuePercentage": "", "proteinRoundedOffValue": 0, "saturatedAndTransFatValuePercentage": 0, "fatRoundedOffValue": 0, "vitaminAValuePercentage": 0, "sobeysMayContain": "", "sugarAlcoholRoundedOffValue": 0, "omega6PublishNutritional": 0, "ingredients": [""], "omega3PublishNutritional": 0, "caloriesRoundedOffValue": 0, "saturatedAndTransFatRoundedOffValue": 0, "servingSize": "", "proteinValuePercentage": "", "fibreValuePercentage": 0, "sodiumValuePercentage": 0, "polyunsaturatedPublishNutritional": "", "potassiumValuePercentage": 0, "potassiumRoundedOffValue": 0, "carbohydratesRoundedOffValue": 0, "servingUOM": "", "calciumRoundedOffValue": "", "vitaminCValuePercentage": 0, "fibreRoundedOffValue": 0, "sugarValuePercentage": 0, "transFatRoundedOffValue": 0, "fatValuePercentage": 0, "ironRoundedOffValue": "", "metricServingSizeRoundedOffValue": 0, "cholesterolRoundedOffValue": 0, "householdMeasureQuantity": "", "saturatedFatRoundedOffValue": 0, "saturatedFatValuePercentage": "", "householdUOM": "", "carbohydratesValuePercentage": "", "ironValuePercentage": "", "sodiumRoundedOffValue": 0, "cholesterolValuePercentage": ""}, "price": 6.79, "milkFatContentRoundedOffPercentage": "", "itemPackCount": 1, "moistureContentRoundedOffPercentage": "", "scenePlusPoints": 0, "discountType": "", "inStock": true, "categories": ["Dairy & Eggs", "Whipped Cream", "Milk", "Flavoured Milk", "Local", "Local Western Canada", "Local British Columbia"], "brand": "Avalon Organics", "itemAmountUnit": "ML", "updatedAt": 1764611186, "milkFatContentPercentageConcat": "", "images": ["https://media.sobeys.com/original/843973_ea_ml_primary_front_na_123021_VOILA_009c8fb7d27b906485895485c0258444d06dc4b3.JPG", "https://media.sobeys.com/screen/843973_ea_ml_primary_front_na_123021_VOILA-S_5e80036ac3fefade04f09cc5e7e2546e8c62b64f.JPG", "https://media.sobeys.com/thumb/843973_ea_ml_primary_front_na_123021_VOILA-S-T_96c7f71c2ada019ceba2962fe28f9129ae8e7b08.JPG", "https://media.sobeys.com/original/843973_ea_ml_na_na_left_123021_VOILA_a21939d7fd4a61c47c73c16eb7564b7d3d2a043b.JPG", "https://media.sobeys.com/screen/843973_ea_ml_na_na_left_123021_VOILA-S_db56c90af0d06d99e6c28af7fd2f1cce7ae01488.JPG", "https://media.sobeys.com/thumb/843973_ea_ml_na_na_left_123021_VOILA-S-T_3e2d37db84fae36f1a01ec7029ab14d98ce3abb9.JPG"], "gtin": "066939004052", "pageSlug": "avalon-organics-whipping-cream-500-ml", "productOfCanada": true, "upc": "066939004052", "weight": "0.5 KG", "seasonedRequired": false, "activePromotion": false, "scaleLabelFixedWeightUOM": "", "isVisible": true, "storeId": "4998", "itemAmountValue": "500", "allergens": {"alcohol": false, "nutFree": false, "peanutFree": false, "mustardFree": false, "glutenFree": false, "vegan": false, "kosher": false, "shellfishFree": false, "oatFree": false, "sulphitesFree": false, "eggFree": false, "sesameFree": false, "lactoseFree": false, "vegetarian": false, "milkFree": false, "halal": false, "tobacco": false, "wheatFree": false, "soyaFree": false, "organic": true}, "moistureContentPercentageConcat": "", "monounsaturatedPublishNutritional": "", "name": "Avalon Organics Whipping Cream 500 ml", "linkeditem": false, "durableLifeCustomerShelfLife": "", "isMassOffers": false, "countryOfOrigin": "", "inventoryLevel": 0, "scaleLabelFixedWeight": "", "objectID": "843973_EA_4998", "_highlightResult": {"description": {"value": "Avalon Organic Whipping Cream will have you whipping up a storm in your kitchen! You can use it to make whipping cream, but did you know you can use this to make butter? Yes - That's right - Butter!\nLooks like this glass bottle has you set for many weekend brunches at home!", "matchLevel": "none", "matchedWords": []}, "articleNumber": {"value": "843973", "matchLevel": "none", "matchedWords": []}, "nutritionalInformation": {"ingredients": [{"value": "", "matchLevel": "none", "matchedWords": []}]}, "categories": [{"value": "<em>Dairy</em> & Eggs", "matchLevel": "full", "fullyHighlighted": false, "matchedWords": ["milk"]}, {"value": "Whipped Cream", "matchLevel": "none", "matchedWords": []}, {"value": "<em>Milk</em>", "matchLevel": "full", "fullyHighlighted": true, "matchedWords": ["milk"]}, {"value": "Flavoured <em>Milk</em>", "matchLevel": "full", "fullyHighlighted": false, "matchedWords": ["milk"]}, {"value": "Local", "matchLevel": "none", "matchedWords": []}, {"value": "Local Western Canada", "matchLevel": "none", "matchedWords": []}, {"value": "Local British Columbia", "matchLevel": "none", "matchedWords": []}], "brand": {"value": "Avalon Organics", "matchLevel": "none", "matchedWords": []}, "upc": {"value": "066939004052", "matchLevel": "none", "matchedWords": []}, "name": {"value": "Avalon Organics Whipping Cream 500 ml", "matchLevel": "none", "matchedWords": []}, "countryOfOrigin": {"value": "", "matchLevel": "none", "matchedWords": []}}}}
{"store": "Sobeys", "site_slug": "sobeys", "source_url": "https://www.sobeys.com/product/avalon-dairy-egg-nog-1-l-", "scrape_ts": "2025-12-26T04:20:28.180367Z", "external_id": "066939008241", "name": "Avalon Dairy Egg Nog 1 L ", "brand": "Avalon Dairy", "size_text": "0.001 KG EA", "price": 8.99, "currency": "CAD", "unit_price": 8990.0, "unit_price_uom": "KG", "image_url": "https://media.sobeys.com/original/827564_EA_ml_primary_Front_NA_122921_VOILA_1a7fb40ccb781cb0c1bb7738ccb91384d6fa8945.JPG", "category_path": "Local > Local Western Canada > Local British Columbia", "availability": "in_stock", "raw_source": {"storageInstructions": "2 C - 5 C", "keywords": [], "channel": "Voila", "description": "", "discount": 0, "scaleLabelFixedWeightConcat": "", "hierarchicalCategories": {"lvl2": ["Local > Local Western Canada > Local British Columbia"], "lvl0": ["Dairy & Eggs", "Local"], "lvl1": ["Dairy & Eggs > Milk", "Local > Local Western Canada"]}, "priceQuantity": "1", "createdAt": 1764547200, "uom": "EA", "articleNumber": "827564", "nutritionalInformation": {"sugarRoundedOffValue": 0, "calciumValuePercentage": "", "proteinRoundedOffValue": 0, "saturatedAndTransFatValuePercentage": 0, "fatRoundedOffValue": 0, "vitaminAValuePercentage": 0, "sobeysMayContain": "", "sugarAlcoholRoundedOffValue": 0, "omega6PublishNutritional": 0, "ingredients": [""], "omega3PublishNutritional": 0, "caloriesRoundedOffValue": 0, "saturatedAndTransFatRoundedOffValue": 0, "servingSize": "", "proteinValuePercentage": "", "fibreValuePercentage": 0, "sodiumValuePercentage": 0, "polyunsaturatedPublishNutritional": "", "potassiumValuePercentage": 0, "potassiumRoundedOffValue": 0, "carbohydratesRoundedOffValue": 0, "servingUOM": "", "calciumRoundedOffValue": "", "vitaminCValuePercentage": 0, "fibreRoundedOffValue": 0, "sugarValuePercentage": 0, "transFatRoundedOffValue": 0, "fatValuePercentage": 0, "ironRoundedOffValue": "", "metricServingSizeRoundedOffValue": 0, "cholesterolRoundedOffValue": 0, "householdMeasureQuantity": "", "saturatedFatRoundedOffValue": 0, "saturatedFatValuePercentage": "", "householdUOM": "", "carbohydratesValuePercentage": "", "ironValuePercentage": "", "sodiumRoundedOffValue": 0, "cholesterolValuePercentage": ""}, "price": 8.99, "milkFatContentRoundedOffPercentage": "", "itemPackCount": 1, "moistureContentRoundedOffPercentage": "", "scenePlusPoints": 0, "discountType": "", "inStock": true, "categories": ["Dairy & Eggs", "Milk", "Local", "Local Western Canada", "Local British Columbia"], "brand": "Avalon Dairy", "itemAmountUnit": "L", "updatedAt": 1764611186, "milkFatContentPercentageConcat": "", "images": ["https://media.sobeys.com/original/827564_EA_ml_primary_Front_NA_122921_VOILA_1a7fb40ccb781cb0c1bb7738ccb91384d6fa8945.JPG", "https://media.sobeys.com/screen/827564_EA_ml_primary_Front_NA_122921_VOILA-S_baa8905be81d689f7730660417bdc1a73358107a.JPG", "https://media.sobeys.com/thumb/827564_EA_ml_primary_Front_NA_122921_VOILA-S-T_acadbc5d603e5153580c4020a02e32deab1e2e28.JPG", "https://media.sobeys.com/original/827564_EA_ml_NA_NA_nfp_122921_VOILA_0f58f19b790cd84d0596b448f0078279df44c29d.JPG", "https://media.sobeys.com/screen/827564_EA_ml_NA_NA_nfp_122921_VOILA-S_4a1ac42d8ada79ebb655a247cc16a14c0ae27c96.JPG", "https://media.sobeys.com/thumb/827564_EA_ml_NA_NA_nfp_122921_VOILA-S-T_10ceb1d93bdd2c0f94ead5f0c5ae52fa67ce576f.JPG", "https://media.sobeys.com/original/827564_EA_ml_NA_NA_left_122921_VOILA_ebf18e0d4f64bf352d5127927498558262655d5b.JPG", "https://media.sobeys.com/screen/827564_EA_ml_NA_NA_left_122921_VOILA-S_ae66560ad806389bdb8d5d1140110623bf8ea7c2.JPG", "https://media.sobeys.com/thumb/827564_EA_ml_NA_NA_left_122921_VOILA-S-T_7de4ed840e5aa5f991854e8f2ed8dabc4cc68f84.JPG"], "gtin": "00066939008241", "pageSlug": "avalon-dairy-egg-nog-1-l-", "productOfCanada": true, "upc": "066939008241", "weight": "0.001 KG", "seasonedRequired": false, "activePromotion": false, "scaleLabelFixedWeightUOM": "", "isVisible": true, "storeId": "4909", "itemAmountValue": "1", "allergens": {"alcohol": false, "nutFree": false, "peanutFree": false, "mustardFree": false, "glutenFree": false, "vegan": false, "kosher": false, "shellfishFree": false, "oatFree": false, "sulphitesFree": false, "eggFree": false, "sesameFree": false, "lactoseFree": false, "vegetarian": false, "milkFree": false, "halal": false, "tobacco": false, "wheatFree": false, "soyaFree": false, "organic": false}, "moistureContentPercentageConcat": "", "monounsaturatedPublishNutritional": "", "name": "Avalon Dairy Egg Nog 1 L ", "linkeditem": false, "durableLifeCustomerShelfLife": "", "isMassOffers": false, "countryOfOrigin": "", "inventoryLevel": 0, "scaleLabelFixedWeight": "", "objectID": "827564_EA_4909", "_highlightResult": {"description": {"value": "", "matchLevel": "none", "matchedWords": []}, "articleNumber": {"value": "827564", "matchLevel": "none", "matchedWords": []}, "nutritionalInformation": {"ingredients": [{"value": "", "matchLevel": "none", "matchedWords": []}]}, "categories": [{"value": "<em>Dairy</em> & Eggs", "matchLevel": "full", "fullyHighlighted": false, "matchedWords": ["milk"]}, {"value": "<em>Milk</em>", "matchLevel": "full", "fullyHighlighted": true, "matchedWords": ["milk"]}, {"value": "Local", "matchLevel": "none", "matchedWords": []}, {"value": "Local Western Canada", "matchLevel": "none", "matchedWords": []}, {"value": "Local British Columbia", "matchLevel": "none", "matchedWords": []}], "brand": {"value": "Avalon <em>Dairy</em>", "matchLevel": "full", "fullyHighlighted": false, "matchedWords": ["milk"]}, "upc": {"value": "066939008241", "matchLevel": "none", "matchedWords": []}, "name": {"value": "Avalon <em>Dairy</em> Egg Nog 1 L ", "matchLevel": "full", "fullyHighlighted": false, "matchedWords": ["milk"]}, "countryOfOrigin": {"value": "", "matchLevel": "none", "matchedWords": []}}}}
{"store": "Sobeys", "site_slug": "sobeys", "source_url": "https://www.sobeys.com/product/avalon-dairy-ltd-traceable-milk-skim--1-l", "scrape_ts": "2025-12-26T04:20:28.180367Z", "external_id": "066939008104", "name": "Avalon Dairy Ltd Traceable Milk Skim  1 L", "brand": "Avalon Dairy Ltd ", "size_text": "0.001 KG EA", "price": 3.69, "currency": "CAD", "unit_price": 3690.0, "unit_price_uom": "KG", "image_url": "https://media.sobeys.com/original/754000000025700000000010407145_VOILA_673eb08ebdb3afce0afc55ede23c48d1f65ede49.JPG", "category_path": "Dairy & Eggs > Milk > Dairy Milk", "availability": "in_stock", "raw_source": {"storageInstructions": "2 C - 5 C", "keywords": [], "channel": "Voila", "description": "", "discount": 0, "scaleLabelFixedWeightConcat": "", "hierarchicalCategories": {"lvl2": ["Dairy & Eggs > Milk > Dairy Milk", "Local > Local Western Canada > Local British Columbia"], "lvl0": ["Dairy & Eggs", "Shop Canada", "Local"], "lvl1": ["Dairy & Eggs > Milk", "Shop Canada > Canada Dairy & Eggs", "Local > Local Western Canada"]}, "priceQuantity": "1", "createdAt": 1764547200, "uom": "EA", "articleNumber": "827561", "nutritionalInformation": {"sugarRoundedOffValue": 0, "calciumValuePercentage": "", "proteinRoundedOffValue": 0, "saturatedAndTransFatValuePercentage": 0, "fatRoundedOffValue": 0, "vitaminAValuePercentage": 0, "sobeysMayContain": "", "sugarAlcoholRoundedOffValue": 0, "omega6PublishNutritional": 0, "ingredients": [""], "omega3PublishNutritional": 0, "caloriesRoundedOffValue": 0, "saturatedAndTransFatRoundedOffValue": 0, "servingSize": "", "proteinValuePercentage": "", "fibreValuePercentage": 0, "sodiumValuePercentage": 0, "polyunsaturatedPublishNutritional": "", "potassiumValuePercentage": 0, "potassiumRoundedOffValue": 0, "carbohydratesRoundedOffValue": 0, "servingUOM": "", "calciumRoundedOffValue": "", "vitaminCValuePercentage": 0, "fibreRoundedOffValue": 0, "sugarValuePercentage": 0, "transFatRoundedOffValue": 0, "fatValuePercentage": 0, "ironRoundedOffValue": "", "metricServingSizeRoundedOffValue": 0, "cholesterolRoundedOffValue": 0, "householdMeasureQuantity": "", "saturatedFatRoundedOffValue": 0, "saturatedFatValuePercentage": "", "householdUOM": "", "carbohydratesValuePercentage": "", "ironValuePercentage": "", "sodiumRoundedOffValue": 0, "cholesterolValuePercentage": ""}, "price": 3.69, "milkFatContentRoundedOffPercentage": "", "itemPackCount": 1, "moistureContentRoundedOffPercentage": "", "scenePlusPoints": 0, "discountType": "", "inStock": true, "categories": ["Dairy & Eggs", "Milk", "Shop Canada", "Canada Dairy & Eggs", "Dairy Milk", "Local", "Local Western Canada", "Local British Columbia"], "brand": "Avalon Dairy Ltd ", "itemAmountUnit": "ML", "updatedAt": 1764611186, "milkFatContentPercentageConcat": "", "images": ["https://media.sobeys.com/original/754000000025700000000010407145_VOILA_673eb08ebdb3afce0afc55ede23c48d1f65ede49.JPG", "https://media.sobeys.com/screen/754000000025700000000010407145_VOILA-S_0e9e64c9d1805ae83c6466431a79603864075c9f.JPG", "https://media.sobeys.com/thumb/754000000025700000000010407145_VOILA-S-T_4e6a627cd9d8cde1874548a4d76ee6195000d03f.JPG", "https://media.sobeys.com/original/754000000014100000000029395193_VOILA_54a91b63d6594a929e627060cfbc2b1b7735da55.JPG", "https://media.sobeys.com/screen/754000000014100000000029395193_VOILA-S_0965da2fd8351499e3c23a3c7c08a5190f17d7d7.JPG", "https://media.sobeys.com/thumb/754000000014100000000029395193_VOILA-S-T_0b9abf76f8740a977928b2db3d7618dabe68750f.JPG"], "gtin": "00066939008104", "pageSlug": "avalon-dairy-ltd-traceable-milk-skim--1-l", "productOfCanada": true, "upc": "066939008104", "weight": "0.001 KG", "seasonedRequired": false, "activePromotion": false, "scaleLabelFixedWeightUOM": "", "isVisible": true, "storeId": "4913", "itemAmountValue": "1000", "allergens": {"alcohol": false, "nutFree": false, "peanutFree": false, "mustardFree": false, "glutenFree": false, "vegan": false, "kosher": false, "shellfishFree": false, "oatFree": false, "sulphitesFree": false, "eggFree": false, "sesameFree": false, "lactoseFree": false, "vegetarian": false, "milkFree": false, "halal": false, "tobacco": false, "wheatFree": false, "soyaFree": false, "organic": false}, "moistureContentPercentageConcat": "", "monounsaturatedPublishNutritional": "", "name": "Avalon Dairy Ltd Traceable Milk Skim  1 L", "linkeditem": false, "durableLifeCustomerShelfLife": "", "isMassOffers": false, "countryOfOrigin": "", "inventoryLevel": 0, "scaleLabelFixedWeight": "", "objectID": "827561_EA_4913", "_highlightResult": {"description": {"value": "", "matchLevel": "none", "matchedWords": []}, "articleNumber": {"value": "827561", "matchLevel": "none", "matchedWords": []}, "nutritionalInformation": {"ingredients": [{"value": "", "matchLevel": "none", "matchedWords": []}]}, "categories": [{"value": "<em>Dairy</em> & Eggs", "matchLevel": "full", "fullyHighlighted": false, "matchedWords": ["milk"]}, {"value": "<em>Milk</em>", "matchLevel": "full", "fullyHighlighted": true, "matchedWords": ["milk"]}, {"value": "Shop Canada", "matchLevel": "none", "matchedWords": []}, {"value": "Canada <em>Dairy</em> & Eggs", "matchLevel": "full", "fullyHighlighted": false, "matchedWords": ["milk"]}, {"value": "<em>Dairy</em> <em>Milk</em>", "matchLevel": "full", "fullyHighlighted": true, "matchedWords": ["milk"]}, {"value": "Local", "matchLevel": "none", "matchedWords": []}, {"value": "Local Western Canada", "matchLevel": "none", "matchedWords": []}, {"value": "Local British Columbia", "matchLevel": "none", "matchedWords": []}], "brand": {"value": "Avalon <em>Dairy</em> Ltd ", "matchLevel": "full", "fullyHighlighted": false, "matchedWords": ["milk"]}, "upc": {"value": "066939008104", "matchLevel": "none", "matchedWords": []}, "name": {"value": "Avalon <em>Dairy</em> Ltd Traceable <em>Milk</em> Skim  1 L", "matchLevel": "full", "fullyHighlighted": false, "matchedWords": ["milk"]}, "countryOfOrigin": {"value": "", "matchLevel": "none", "matchedWords": []}}}}
{"store": "Sobeys", "site_slug": "sobeys", "source_url": "https://www.sobeys.com/product/the-cultured-coconut-organic-probiotic-coconut-milk-460-ml", "scrape_ts": "2025-12-26T04:20:35.526642Z", "external_id": "628250991017", "name": "The Cultured Coconut Organic Probiotic Coconut Milk 460 ml", "brand": "The Cultured Coconut", "size_text": "0.708 KG EA", "price": 24.99, "currency": "CAD", "unit_price": 35.3, "unit_price_uom": "KG", "image_url": "https://media.sobeys.com/original/742002_EA_ml_primary_front_041023_VOILA_05c53c74035de89e4065b7072c9ca9ce2fda795c.JPG", "category_path": "Dairy & Eggs > Milk > Dairy Milk", "availability": "in_stock", "raw_source": {"storageInstructions": "2 C - 5 C", "keywords": [], "channel": "Voila", "description": "", "discount": 0, "scaleLabelFixedWeightConcat": "", "hierarchicalCategories": {"lvl2": ["Dairy & Eggs > Milk > Dairy Milk", "Dairy & Eggs > Yogurt > Plain Yogurt", "Local > Local Atlantic Canada > Local Nova Scotia"], "lvl0": ["Dairy & Eggs", "Local"], "lvl1": ["Dairy & Eggs > Milk", "Dairy & Eggs > Yogurt", "Local > Local Atlantic Canada"]}, "priceQuantity": "1", "createdAt": 1764547200, "uom": "EA", "articleNumber": "742002", "nutritionalInformation": {"sugarRoundedOffValue": 0, "calciumValuePercentage": 0, "proteinRoundedOffValue": 0.2, "saturatedAndTransFatValuePercentage": 5, "fatRoundedOffValue": 1, "vitaminAValuePercentage": 0, "sobeysMayContain": "", "sugarAlcoholRoundedOffValue": 0, "omega6PublishNutritional": 0, "ingredients": [""], "omega3PublishNutritional": 0, "caloriesRoundedOffValue": 10, "saturatedAndTransFatRoundedOffValue": 1, "servingSize": "1 tbsp (15 mL)", "proteinValuePercentage": "", "fibreValuePercentage": 0, "sodiumValuePercentage": 1, "polyunsaturatedPublishNutritional": "", "potassiumValuePercentage": 1, "potassiumRoundedOffValue": 10, "carbohydratesRoundedOffValue": 1, "servingUOM": "mL", "calciumRoundedOffValue": 0, "vitaminCValuePercentage": 0, "fibreRoundedOffValue": 0, "sugarValuePercentage": 0, "transFatRoundedOffValue": 0, "fatValuePercentage": 1, "ironRoundedOffValue": 0.2, "metricServingSizeRoundedOffValue": 15, "cholesterolRoundedOffValue": 0, "householdMeasureQuantity": 1, "saturatedFatRoundedOffValue": 1, "saturatedFatValuePercentage": "", "householdUOM": "0", "carbohydratesValuePercentage": "", "ironValuePercentage": 1, "sodiumRoundedOffValue": 1, "cholesterolValuePercentage": ""}, "price": 24.99, "milkFatContentRoundedOffPercentage": "", "itemPackCount": 1, "moistureContentRoundedOffPercentage": "", "scenePlusPoints": 0, "discountType": "", "inStock": true, "categories": ["Dairy & Eggs", "Milk", "Dairy Milk", "Yogurt", "Plain Yogurt", "Local", "Local Atlantic Canada", "Local Nova Scotia"], "brand": "The Cultured Coconut", "itemAmountUnit": "ML", "updatedAt": 1764611168, "milkFatContentPercentageConcat": "", "images": ["https://media.sobeys.com/original/742002_EA_ml_primary_front_041023_VOILA_05c53c74035de89e4065b7072c9ca9ce2fda795c.JPG", "https://media.sobeys.com/screen/742002_EA_ml_primary_front_041023_VOILA-S_1fc4724f547994f14c7d0a9291c629dfa857eca8.JPG", "https://media.sobeys.com/thumb/742002_EA_ml_primary_front_041023_VOILA-S-T_1d88a306070b6c4dd45b1bc4c962fd888f7cb798.JPG"], "gtin": "628250991017", "pageSlug": "the-cultured-coconut-organic-probiotic-coconut-milk-460-ml", "productOfCanada": true, "upc": "628250991017", "weight": "0.708 KG", "seasonedRequired": false, "activePromotion": false, "scaleLabelFixedWeightUOM": "", "isVisible": true, "storeId": "8912", "itemAmountValue": "460", "allergens": {"alcohol": false, "nutFree": false, "peanutFree": false, "mustardFree": false, "glutenFree": true, "vegan": false, "kosher": false, "shellfishFree": false, "oatFree": false, "sulphitesFree": false, "eggFree": false, "sesameFree": false, "lactoseFree": false, "vegetarian": false, "milkFree": false, "halal": false, "tobacco": false, "wheatFree": false, "soyaFree": false, "organic": true}, "moistureContentPercentageConcat": "", "monounsaturatedPublishNutritional": "", "name": "The Cultured Coconut Organic Probiotic Coconut Milk 460 ml", "linkeditem": false, "durableLifeCustomerShelfLife": "", "isMassOffers": false, "countryOfOrigin": "", "inventoryLevel": 0, "scaleLabelFixedWeight": "", "promotions": [{"file_timestamp": 1755079450, "storeNumber": "8912", "lastModifiedDateTime": 1755139299, "endDate": 1758153599, "promotionComplianceFlag": true, "promotionReward": [{"rewardShortDesc": "Customer Price", "applyTo": "", "rewardNumber": 1, "membershipLevelText": "", "rewardTrigger": "", "rewardTypeCode": 4, "rewardType": 4, "rewardLevel": "", "items": [{"universalProductCode": "", "articleNumber": "742002", "baseUOM": "EA"}], "value1Value20": [{"value_15": "", "value_16": "", "value_13": "", "value_14": "", "value_8": "", "value_19": "", "value_9": "", "value_6": "", "value_17": "", "value_7": "", "value_18": "", "value_4": "", "value_5": "", "value_2": "", "value_3": "", "value_1": "19.99", "value_11": "", "value_12": "", "value_20": "", "value_10": ""}]}], "promotionNumber": 1177700697, "couponLimit": "", "source": "ZEDL", "posType": "", "salesOrganization": "5100", "regionCode": "wms", "promotionPlanner": "", "correlationId": "30efb0cf1a124eb89719772358e52b59", "id": "ZEDL_8912_1177700697", "loadToCardFlag": "", "distributionChannel": "02", "posOfferID": "", "trans_Cd": "", "promotionCondition": [{"breakpointFlag": "", "conditionType": 1, "conditionShortDesc": "QTY", "fieldsUsed": 1, "conditionNumber": 2, "conditionLevel": 0, "items": [{"universalProductCode": "", "articleNumber": "742002", "baseUOM": "EA"}], "value1Value20": [{"value_15": "", "value_16": "", "value_13": "", "value_14": "", "value_8": "", "value_19": "", "value_9": "", "value_6": "", "value_17": "", "value_7": "", "value_18": "", "value_4": "", "value_5": "", "value_2": "", "value_3": "", "value_1": "1.00", "value_11": "", "value_12": "", "value_20": "", "value_10": ""}]}], "promotionDescriptionFrench": "", "priority": 2, "activeStatusCode": "", "promotionDescription": "", "nationalBannerCode": "", "currencyCode": "CAD", "startDate": 1755129600}, {"file_timestamp": 1754994296, "storeNumber": "8912", "lastModifiedDateTime": 1755054108, "endDate": 1758153599, "promotionComplianceFlag": true, "promotionReward": [{"rewardShortDesc": "Customer Price", "applyTo": "", "rewardNumber": 1, "membershipLevelText": "", "rewardTrigger": "", "rewardTypeCode": 4, "rewardType": 4, "rewardLevel": "", "items": [{"universalProductCode": "", "articleNumber": "742002", "baseUOM": "EA"}], "value1Value20": [{"value_15": "", "value_16": "", "value_13": "", "value_14": "", "value_8": "", "value_19": "", "value_9": "", "value_6": "", "value_17": "", "value_7": "", "value_18": "", "value_4": "", "value_5": "", "value_2": "", "value_3": "", "value_1": "19.99", "value_11": "", "value_12": "", "value_20": "", "value_10": ""}]}], "promotionNumber": 1177699245, "couponLimit": "", "source": "ZEDL", "posType": "", "salesOrganization": "5100", "regionCode": "wms", "promotionPlanner": "", "correlationId": "2079a4409147406aa143b6d0e3d767fa", "id": "ZEDL_8912_1177699245", "loadToCardFlag": "", "distributionChannel": "61", "posOfferID": "", "trans_Cd": "", "promotionCondition": [{"breakpointFlag": "", "conditionType": 1, "conditionShortDesc": "QTY", "fieldsUsed": 1, "conditionNumber": 2, "conditionLevel": 0, "items": [{"universalProductCode": "", "articleNumber": "742002", "baseUOM": "EA"}], "value1Value20": [{"value_15": "", "value_16": "", "value_13": "", "value_14": "", "value_8": "", "value_19": "", "value_9": "", "value_6": "", "value_17": "", "value_7": "", "value_18": "", "value_4": "", "value_5": "", "value_2": "", "value_3": "", "value_1": "1.00", "value_11": "", "value_12": "", "value_20": "", "value_10": ""}]}], "promotionDescriptionFrench": "", "priority": 2, "activeStatusCode": "", "promotionDescription": "", "nationalBannerCode": "", "currencyCode": "CAD", "startDate": 1755129600}], "objectID": "742002_EA_8912", "_highlightResult": {"description": {"value": "", "matchLevel": "none", "matchedWords": []}, "articleNumber": {"value": "742002", "matchLevel": "none", "matchedWords": []}, "nutritionalInformation": {"ingredients": [{"value": "", "matchLevel": "none", "matchedWords": []}]}, "categories": [{"value": "<em>Dairy</em> & Eggs", "matchLevel": "full", "fullyHighlighted": false, "matchedWords": ["milk"]}, {"value": "<em>Milk</em>", "matchLevel": "full", "fullyHighlighted": true, "matchedWords": ["milk"]}, {"value": "<em>Dairy</em> <em>Milk</em>", "matchLevel": "full", "fullyHighlighted": true, "matchedWords": ["milk"]}, {"value": "Yogurt", "matchLevel": "none", "matchedWords": []}, {"value": "Plain Yogurt", "matchLevel": "none", "matchedWords": []}, {"value": "Local", "matchLevel": "none", "matchedWords": []}, {"value": "Local Atlantic Canada", "matchLevel": "none", "matchedWords": []}, {"value": "Local Nova Scotia", "matchLevel": "none", "matchedWords": []}], "brand": {"value": "The Cultured Coconut", "matchLevel": "none", "matchedWords": []}, "upc": {"value": "628250991017", "matchLevel": "none", "matchedWords": []}, "name": {"value": "The Cultured Coconut Organic Probiotic Coconut <em>Milk</em> 460 ml", "matchLevel": "full", "fullyHighlighted": false, "matchedWords": ["milk"]}, "countryOfOrigin": {"value": "", "matchLevel": "none", "matchedWords": []}, "promotions": [{"promotionDescription": {"value": "", "matchLevel": "none", "matchedWords": []}}, {"promotionDescription": {"value": "", "matchLevel": "none", "matchedWords": []}}]}}}
{"store": "Sobeys", "site_slug": "sobeys", "source_url": "https://www.sobeys.com/product/walker-farms-3.25--white-milk-1.5-l", "scrape_ts": "2025-12-26T04:20:35.526642Z", "external_id": "628634588048", "name": "Walker Farms 3.25% White Milk 1.5 L", "brand": null, "size_text": "1.611 KG EA", "price": 5.29, "currency": "CAD", "unit_price": 3.28, "unit_price_uom": "KG", "image_url": null, "category_path": "Dairy & Eggs > Milk > Flavoured Milk", "availability": "in_stock", "raw_source": {"promotions": [{"file_timestamp": 1761123449, "storeNumber": "3361", "lastModifiedDateTime": 1761216004, "endDate": 1764201599, "promotionComplianceFlag": true, "promotionReward": [{"rewardShortDesc": "Customer Price", "applyTo": "", "rewardNumber": 1, "membershipLevelText": "", "rewardTrigger": "", "rewardTypeCode": 4, "rewardType": 4, "isGroupOfferReward": false, "rewardLevel": "", "items": [{"universalProductCode": "", "articleNumber": "851584", "baseUOM": "EA"}], "value1Value20": [{"value_15": "", "value_16": "", "value_13": "", "value_14": "", "value_8": "", "value_19": "", "value_9": "", "value_6": "", "value_17": "", "value_7": "", "value_18": "", "value_4": "", "value_5": "", "value_2": "", "value_3": "", "value_1": "4.49", "value_11": "", "value_12": "", "value_20": "", "value_10": ""}]}], "promotionNumber": 509268260, "couponLimit": "", "source": "ZEDL", "posType": "", "salesOrganization": "4000", "regionCode": "oms", "promotionPlanner": "", "correlationId": "c8d42a5b1f934385ac38836310d967f4", "id": "ZEDL_3361_509268260", "loadToCardFlag": "", "distributionChannel": "67", "posOfferID": "", "trans_Cd": "", "promotionCondition": [{"isGroupOfferCondition": false, "breakpointFlag": "", "conditionType": 1, "conditionShortDesc": "QTY", "fieldsUsed": 1, "conditionNumber": 2, "conditionLevel": 0, "items": [{"universalProductCode": "", "articleNumber": "851584", "baseUOM": "EA"}], "value1Value20": [{"value_15": "", "value_16": "", "value_13": "", "value_14": "", "value_8": "", "value_19": "", "value_9": "", "value_6": "", "value_17": "", "value_7": "", "value_18": "", "value_4": "", "value_5": "", "value_2": "", "value_3": "", "value_1": "1.00", "value_11": "", "value_12": "", "value_20": "", "value_10": ""}]}], "promotionDescriptionFrench": "", "priority": 2, "activeStatusCode": "", "promotionDescription": "", "nationalBannerCode": "", "currencyCode": "CAD", "startDate": 1761177600}], "isMassOffers": false, "storageInstructions": "13 C - 28 C", "keywords": [], "channel": "Private Label", "description": "", "discount": 0, "scaleLabelFixedWeightConcat": "", "hierarchicalCategories": {"lvl2": ["Dairy & Eggs > Milk > Flavoured Milk"], "lvl0": ["Dairy & Eggs", "Local"], "lvl1": ["Dairy & Eggs > Milk", "Local > Local Central Canada"]}, "priceQuantity": "1", "createdAt": 1764547200, "uom": "EA", "articleNumber": "851584", "nutritionalInformation": {"sugarRoundedOffValue": 12, "calciumValuePercentage": 23, "proteinRoundedOffValue": 8, "saturatedAndTransFatValuePercentage": 26, "fatRoundedOffValue": 8, "vitaminAValuePercentage": 0, "sobeysMayContain": "", "sugarAlcoholRoundedOffValue": 0, "omega6PublishNutritional": 0, "ingredients": [""], "omega3PublishNutritional": 0, "caloriesRoundedOffValue": 150, "saturatedAndTransFatRoundedOffValue": 5.2, "servingSize": "1 cup (250 mL)", "proteinValuePercentage": "", "fibreValuePercentage": 0, "sodiumValuePercentage": 5, "polyunsaturatedPublishNutritional": "", "potassiumValuePercentage": 12, "potassiumRoundedOffValue": 400, "carbohydratesRoundedOffValue": 12, "servingUOM": "mL", "calciumRoundedOffValue": 300, "vitaminCValuePercentage": 0, "fibreRoundedOffValue": 0, "sugarValuePercentage": 12, "transFatRoundedOffValue": 0.2, "fatValuePercentage": 11, "ironRoundedOffValue": 0.1, "metricServingSizeRoundedOffValue": 250, "cholesterolRoundedOffValue": 35, "householdMeasureQuantity": 1, "saturatedFatRoundedOffValue": 5, "saturatedFatValuePercentage": "", "householdUOM": "0", "carbohydratesValuePercentage": "", "ironValuePercentage": 1, "sodiumRoundedOffValue": 125, "cholesterolValuePercentage": ""}, "price": 5.29, "milkFatContentRoundedOffPercentage": "", "itemPackCount": 1, "moistureContentRoundedOffPercentage": "", "scenePlusPoints": 0, "discountType": "", "inStock": true, "categories": ["Dairy & Eggs", "Milk", "Local", "Local Central Canada", "Flavoured Milk"], "brand": "", "itemAmountUnit": "ML", "updatedAt": 1764611158, "milkFatContentPercentageConcat": "", "images": [], "gtin": "628634588048", "pageSlug": "walker-farms-3.25--white-milk-1.5-l", "productOfCanada": false, "upc": "628634588048", "weight": "1.611 KG", "seasonedRequired": false, "activePromotion": false, "scaleLabelFixedWeightUOM": "", "isVisible": true, "storeId": "3361", "itemAmountValue": "1500", "allergens": {"alcohol": false, "nutFree": false, "peanutFree": false, "mustardFree": false, "glutenFree": false, "vegan": false, "kosher": false, "shellfishFree": false, "oatFree": false, "sulphitesFree": false, "eggFree": false, "sesameFree": false, "lactoseFree": false, "vegetarian": false, "milkFree": false, "halal": false, "tobacco": false, "wheatFree": false, "soyaFree": false, "organic": false}, "moistureContentPercentageConcat": "", "monounsaturatedPublishNutritional": "", "name": "Walker Farms 3.25% White Milk 1.5 L", "linkeditem": false, "durableLifeCustomerShelfLife": "", "countryOfOrigin": "", "inventoryLevel": 0, "scaleLabelFixedWeight": "", "objectID": "851584_EA_3361", "_highlightResult": {"promotions": [{"promotionDescription": {"value": "", "matchLevel": "none", "matchedWords": []}}], "description": {"value": "", "matchLevel": "none", "matchedWords": []}, "articleNumber": {"value": "851584", "matchLevel": "none", "matchedWords": []}, "nutritionalInformation": {"ingredients": [{"value": "", "matchLevel": "none", "matchedWords": []}]}, "categories": [{"value": "<em>Dairy</em> & Eggs", "matchLevel": "full", "fullyHighlighted": false, "matchedWords": ["milk"]}, {"value": "<em>Milk</em>", "matchLevel": "full", "fullyHighlighted": true, "matchedWords": ["milk"]}, {"value": "Local", "matchLevel": "none", "matchedWords": []}, {"value": "Local Central Canada", "matchLevel": "none", "matchedWords": []}, {"value": "Flavoured <em>Milk</em>", "matchLevel": "full", "fullyHighlighted": false, "matchedWords": ["milk"]}], "brand": {"value": "", "matchLevel": "none", "matchedWords": []}, "upc": {"value": "628634588048", "matchLevel": "none", "matchedWords": []}, "name": {"value": "Walker Farms 3.25% White <em>Milk</em> 1.5 L", "matchLevel": "full", "fullyHighlighted": false, "matchedWords": ["milk"]}, "countryOfOrigin": {"value": "", "matchLevel": "none", "matchedWords": []}}}}
{"store": "Sobeys", "site_slug": "sobeys", "source_url": "https://www.sobeys.com/product/walker-farms-2--white-milk-1.5-l", "scrape_ts": "2025-12-26T04:20:35.527648Z", "external_id": "628634588024", "name": "Walker Farms 2% White Milk 1.5 L", "brand": null, "size_text": "1.611 KG EA", "price": 5.29, "currency": "CAD", "unit_price": 3.28, "unit_price_uom": "KG", "image_url": null, "category_path": "Dairy & Eggs > Milk > Flavoured Milk", "availability": "in_stock", "raw_source": {"promotions": [{"file_timestamp": 1761123449, "storeNumber": "7025", "lastModifiedDateTime": 1761216585, "endDate": 1764201599, "promotionComplianceFlag": true, "promotionReward": [{"rewardShortDesc": "Customer Price", "applyTo": "", "rewardNumber": 1, "membershipLevelText": "", "rewardTrigger": "", "rewardTypeCode": 4, "rewardType": 4, "isGroupOfferReward": true, "rewardLevel": "", "items": [{"universalProductCode": "", "articleNumber": "851580", "baseUOM": "EA"}], "value1Value20": [{"value_15": "", "value_16": "", "value_13": "", "value_14": "", "value_8": "", "value_19": "", "value_9": "", "value_6": "", "value_17": "", "value_7": "", "value_18": "", "value_4": "", "value_5": "", "value_2": "", "value_3": "", "value_1": "4.49", "value_11": "", "value_12": "", "value_20": "", "value_10": ""}]}], "promotionNumber": 509266245, "couponLimit": "", "source": "ZEDL", "posType": "", "salesOrganization": "4000", "regionCode": "oms", "promotionPlanner": "", "correlationId": "9c364cbaafd946d990248d243bea018c", "id": "ZEDL_7025_509266245", "loadToCardFlag": "", "distributionChannel": "67", "posOfferID": "", "trans_Cd": "", "promotionCondition": [{"isGroupOfferCondition": true, "breakpointFlag": "", "conditionType": 1, "conditionShortDesc": "QTY", "fieldsUsed": 1, "conditionNumber": 2, "conditionLevel": 0, "items": [{"universalProductCode": "", "articleNumber": "851580", "baseUOM": "EA"}], "value1Value20": [{"value_15": "", "value_16": "", "value_13": "", "value_14": "", "value_8": "", "value_19": "", "value_9": "", "value_6": "", "value_17": "", "value_7": "", "value_18": "", "value_4": "", "value_5": "", "value_2": "", "value_3": "", "value_1": "1.00", "value_11": "", "value_12": "", "value_20": "", "value_10": ""}]}], "promotionDescriptionFrench": "", "priority": 2, "activeStatusCode": "", "promotionDescription": "", "nationalBannerCode": "", "currencyCode": "CAD", "startDate": 1761177600}], "isMassOffers": false, "storageInstructions": "13 C - 28 C", "keywords": [], "channel": "Private Label", "description": "", "discount": 0, "scaleLabelFixedWeightConcat": "", "hierarchicalCategories": {"lvl2": ["Dairy & Eggs > Milk > Flavoured Milk"], "lvl0": ["Dairy & Eggs", "Local"], "lvl1": ["Dairy & Eggs > Milk", "Local > Local Central Canada"]}, "priceQuantity": "1", "createdAt": 1764547200, "uom": "EA", "articleNumber": "851580", "nutritionalInformation": {"sugarRoundedOffValue": 12, "calciumValuePercentage": 23, "proteinRoundedOffValue": 8, "saturatedAndTransFatValuePercentage": 16, "fatRoundedOffValue": 5, "vitaminAValuePercentage": 17, "sobeysMayContain": "", "sugarAlcoholRoundedOffValue": 0, "omega6PublishNutritional": 0, "ingredients": [""], "omega3PublishNutritional": 0, "caloriesRoundedOffValue": 120, "saturatedAndTransFatRoundedOffValue": 3.1, "servingSize": "1 cup (250 mL)", "proteinValuePercentage": "", "fibreValuePercentage": 0, "sodiumValuePercentage": 5, "polyunsaturatedPublishNutritional": "", "potassiumValuePercentage": 12, "potassiumRoundedOffValue": 400, "carbohydratesRoundedOffValue": 12, "servingUOM": "mL", "calciumRoundedOffValue": 300, "vitaminCValuePercentage": 0, "fibreRoundedOffValue": 0, "sugarValuePercentage": 12, "transFatRoundedOffValue": 0.1, "fatValuePercentage": 7, "ironRoundedOffValue": 0.1, "metricServingSizeRoundedOffValue": 250, "cholesterolRoundedOffValue": 20, "householdMeasureQuantity": 1, "saturatedFatRoundedOffValue": 3, "saturatedFatValuePercentage": "", "householdUOM": "0", "carbohydratesValuePercentage": "", "ironValuePercentage": 1, "sodiumRoundedOffValue": 125, "cholesterolValuePercentage": ""}, "price": 5.29, "milkFatContentRoundedOffPercentage": "", "itemPackCount": 1, "moistureContentRoundedOffPercentage": "", "scenePlusPoints": 0, "discountType": "", "inStock": true, "categories": ["Dairy & Eggs", "Milk", "Local", "Local Central Canada", "Flavoured Milk"], "brand": "", "itemAmountUnit": "ML", "updatedAt": 1764611158, "milkFatContentPercentageConcat": "", "images": [], "gtin": "628634588024", "pageSlug": "walker-farms-2--white-milk-1.5-l", "productOfCanada": false, "upc": "628634588024", "weight": "1.611 KG", "seasonedRequired": false, "activePromotion": false, "scaleLabelFixedWeightUOM": "", "isVisible": true, "storeId": "7025", "itemAmountValue": "1500", "allergens": {"alcohol": false, "nutFree": false, "peanutFree": false, "mustardFree": false, "glutenFree": false, "vegan": false, "kosher": false, "shellfishFree": false, "oatFree": false, "sulphitesFree": false, "eggFree": false, "sesameFree": false, "lactoseFree": false, "vegetarian": false, "milkFree": false, "halal": false, "tobacco": false, "wheatFree": false, "soyaFree": false, "organic": false}, "moistureContentPercentageConcat": "", "monounsaturatedPublishNutritional": "", "name": "Walker Farms 2% White Milk 1.5 L", "linkeditem": false, "durableLifeCustomerShelfLife": "", "countryOfOrigin": "", "inventoryLevel": 0, "scaleLabelFixedWeight": "", "objectID": "851580_EA_7025", "_highlightResult": {"promotions": [{"promotionDescription": {"value": "", "matchLevel": "none", "matchedWords": []}}], "description": {"value": "", "matchLevel": "none", "matchedWords": []}, "articleNumber": {"value": "851580", "matchLevel": "none", "matchedWords": []}, "nutritionalInformation": {"ingredients": [{"value": "", "matchLevel": "none", "matchedWords": []}]}, "categories": [{"value": "<em>Dairy</em> & Eggs", "matchLevel": "full", "fullyHighlighted": false, "matchedWords": ["milk"]}, {"value": "<em>Milk</em>", "matchLevel": "full", "fullyHighlighted": true, "matchedWords": ["milk"]}, {"value": "Local", "matchLevel": "none", "matchedWords": []}, {"value": "Local Central Canada", "matchLevel": "none", "matchedWords": []}, {"value": "Flavoured <em>Milk</em>", "matchLevel": "full", "fullyHighlighted": false, "matchedWords": ["milk"]}], "brand": {"value": "", "matchLevel": "none", "matchedWords": []}, "upc": {"value": "628634588024", "matchLevel": "none", "matchedWords": []}, "name": {"value": "Walker Farms 2% White <em>Milk</em> 1.5 L", "matchLevel": "full", "fullyHighlighted": false, "matchedWords": ["milk"]}, "countryOfOrigin": {"value": "", "matchLevel": "none", "matchedWords": []}}}}
{"store": "Sobeys", "site_slug": "sobeys", "source_url": "https://www.sobeys.com/product/walker-farms-inc.-chocolate-2--milk-1500-ml", "scrape_ts": "2025-12-26T04:20:35.527648Z", "external_id": "628634588017", "name": "Walker Farms Inc. Chocolate 2% Milk 1500 ml", "brand": null, "size_text": "1.611 KG EA", "price": 5.29, "currency": "CAD", "unit_price": 3.28, "unit_price_uom": "KG", "image_url": null, "category_path": "Dairy & Eggs > Milk > Flavoured Milk", "availability": "in_stock", "raw_source": {"storageInstructions": "13 C - 28 C", "keywords": [], "channel": "Private Label", "description": "", "discount": 0, "scaleLabelFixedWeightConcat": "", "hierarchicalCategories": {"lvl2": ["Dairy & Eggs > Milk > Flavoured Milk"], "lvl0": ["Dairy & Eggs", "Local"], "lvl1": ["Dairy & Eggs > Milk", "Local > Local Central Canada"]}, "priceQuantity": "1", "createdAt": 1764547200, "uom": "EA", "articleNumber": "851579", "nutritionalInformation": {"sugarRoundedOffValue": 15, "calciumValuePercentage": 23, "proteinRoundedOffValue": 9, "saturatedAndTransFatValuePercentage": 16, "fatRoundedOffValue": 5, "vitaminAValuePercentage": 17, "sobeysMayContain": "", "sugarAlcoholRoundedOffValue": 0, "omega6PublishNutritional": 0, "ingredients": [""], "omega3PublishNutritional": 0, "caloriesRoundedOffValue": 140, "saturatedAndTransFatRoundedOffValue": 3.1, "servingSize": "1 cup (250 mL)", "proteinValuePercentage": "", "fibreValuePercentage": 4, "sodiumValuePercentage": 8, "polyunsaturatedPublishNutritional": "", "potassiumValuePercentage": 12, "potassiumRoundedOffValue": 400, "carbohydratesRoundedOffValue": 16, "servingUOM": "mL", "calciumRoundedOffValue": 300, "vitaminCValuePercentage": 0, "fibreRoundedOffValue": 1, "sugarValuePercentage": 15, "transFatRoundedOffValue": 0.1, "fatValuePercentage": 7, "ironRoundedOffValue": 0.75, "metricServingSizeRoundedOffValue": 250, "cholesterolRoundedOffValue": 20, "householdMeasureQuantity": 1, "saturatedFatRoundedOffValue": 3, "saturatedFatValuePercentage": "", "householdUOM": "0", "carbohydratesValuePercentage": "", "ironValuePercentage": 4, "sodiumRoundedOffValue": 180, "cholesterolValuePercentage": ""}, "price": 5.29, "milkFatContentRoundedOffPercentage": "", "itemPackCount": 1, "moistureContentRoundedOffPercentage": "", "scenePlusPoints": 0, "discountType": "", "inStock": true, "categories": ["Dairy & Eggs", "Milk", "Local", "Local Central Canada", "Flavoured Milk"], "brand": "", "itemAmountUnit": "ML", "updatedAt": 1764611158, "milkFatContentPercentageConcat": "", "images": [], "gtin": "628634588017", "pageSlug": "walker-farms-inc.-chocolate-2--milk-1500-ml", "productOfCanada": false, "upc": "628634588017", "weight": "1.611 KG", "seasonedRequired": false, "activePromotion": false, "scaleLabelFixedWeightUOM": "", "isVisible": true, "storeId": "7025", "itemAmountValue": "1500", "allergens": {"alcohol": false, "nutFree": false, "peanutFree": false, "mustardFree": false, "glutenFree": false, "vegan": false, "kosher": false, "shellfishFree": false, "oatFree": false, "sulphitesFree": false, "eggFree": false, "sesameFree": false, "lactoseFree": false, "vegetarian": false, "milkFree": false, "halal": false, "tobacco": false, "wheatFree": false, "soyaFree": false, "organic": false}, "moistureContentPercentageConcat": "", "monounsaturatedPublishNutritional": "", "name": "Walker Farms Inc. Chocolate 2% Milk 1500 ml", "linkeditem": false, "durableLifeCustomerShelfLife": "", "isMassOffers": false, "countryOfOrigin": "", "inventoryLevel": 0, "scaleLabelFixedWeight": "", "promotions": [{"file_timestamp": 1761123449, "storeNumber": "7025", "lastModifiedDateTime": 1761216585, "endDate": 1764201599, "promotionComplianceFlag": true, "promotionReward": [{"rewardShortDesc": "Customer Price", "applyTo": "", "rewardNumber": 1, "membershipLevelText": "", "rewardTrigger": "", "rewardTypeCode": 4, "rewardType": 4, "isGroupOfferReward": true, "rewardLevel": "", "items": [{"universalProductCode": "", "articleNumber": "851579", "baseUOM": "EA"}], "value1Value20": [{"value_15": "", "value_16": "", "value_13": "", "value_14": "", "value_8": "", "value_19": "", "value_9": "", "value_6": "", "value_17": "", "value_7": "", "value_18": "", "value_4": "", "value_5": "", "value_2": "", "value_3": "", "value_1": "4.49", "value_11": "", "value_12": "", "value_20": "", "value_10": ""}]}], "promotionNumber": 509266245, "couponLimit": "", "source": "ZEDL", "posType": "", "salesOrganization": "4000", "regionCode": "oms", "promotionPlanner": "", "correlationId": "9c364cbaafd946d990248d243bea018c", "id": "ZEDL_7025_509266245", "loadToCardFlag": "", "distributionChannel": "67", "posOfferID": "", "trans_Cd": "", "promotionCondition": [{"isGroupOfferCondition": true, "breakpointFlag": "", "conditionType": 1, "conditionShortDesc": "QTY", "fieldsUsed": 1, "conditionNumber": 2, "conditionLevel": 0, "items": [{"universalProductCode": "", "articleNumber": "851579", "baseUOM": "EA"}], "value1Value20": [{"value_15": "", "value_16": "", "value_13": "", "value_14": "", "value_8": "", "value_19": "", "value_9": "", "value_6": "", "value_17": "", "value_7": "", "value_18": "", "value_4": "", "value_5": "", "value_2": "", "value_3": "", "value_1": "1.00", "value_11": "", "value_12": "", "value_20": "", "value_10": ""}]}], "promotionDescriptionFrench": "", "priority": 2, "activeStatusCode": "", "promotionDescription": "", "nationalBannerCode": "", "currencyCode": "CAD", "startDate": 1761177600}], "objectID": "851579_EA_7025", "_highlightResult": {"description": {"value": "", "matchLevel": "none", "matchedWords": []}, "articleNumber": {"value": "851579", "matchLevel": "none", "matchedWords": []}, "nutritionalInformation": {"ingredients": [{"value": "", "matchLevel": "none", "matchedWords": []}]}, "categories": [{"value": "<em>Dairy</em> & Eggs", "matchLevel": "full", "fullyHighlighted": false, "matchedWords": ["milk"]}, {"value": "<em>Milk</em>", "matchLevel": "full", "fullyHighlighted": true, "matchedWords": ["milk"]}, {"value": "Local", "matchLevel": "none", "matchedWords": []}, {"value": "Local Central Canada", "matchLevel": "none", "matchedWords": []}, {"value": "Flavoured <em>Milk</em>", "matchLevel": "full", "fullyHighlighted": false, "matchedWords": ["milk"]}], "brand": {"value": "", "matchLevel": "none", "matchedWords": []}, "upc": {"value": "628634588017", "matchLevel": "none", "matchedWords": []}, "name": {"value": "Walker Farms Inc. Chocolate 2% <em>Milk</em> 1500 ml", "matchLevel": "full", "fullyHighlighted": false, "matchedWords": ["milk"]}, "countryOfOrigin": {"value": "", "matchLevel": "none", "matchedWords": []}, "promotions": [{"promotionDescription": {"value": "", "matchLevel": "none", "matchedWords": []}}]}}}
{"store": "Sobeys", "site_slug": "sobeys", "source_url": "https://www.sobeys.com/product/natrel-lactose-free-10--coffee-cream-half---half--1-l", "scrape_ts": "2025-12-26T04:20:35.527648Z", "external_id": "064420455017", "name": "Natrel Lactose-Free 10% Coffee Cream Half & Half  1 L", "brand": "Natrel", "size_text": "1.063 KG EA", "price": 6.99, "currency": "CAD", "unit_price": 6.58, "unit_price_uom": "KG", "image_url": "https://media.sobeys.com/original/754000000025700000000034896471_VOILA_c8ae51a47364f179751191a1c7c2fadc7b52ebcf.JPG", "category_path": "Dairy & Eggs > Cream & Creamers", "availability": "in_stock", "raw_source": {"storageInstructions": "2 C - 5 C", "keywords": [], "channel": "Voila", "description": "The dairy experts at Natrel have found a way to remove the lactose from cream so now you can enjoy Real Cream \u2013 Lactose Free!", "discount": 0, "scaleLabelFixedWeightConcat": "", "hierarchicalCategories": {"lvl2": [], "lvl0": ["Dairy & Eggs"], "lvl1": ["Dairy & Eggs > Cream & Creamers"]}, "priceQuantity": "1", "createdAt": 1763510400, "uom": "EA", "articleNumber": "671602", "nutritionalInformation": {"sugarRoundedOffValue": 0, "calciumValuePercentage": 2, "proteinRoundedOffValue": 1, "saturatedAndTransFatValuePercentage": 5, "fatRoundedOffValue": 1.5, "vitaminAValuePercentage": 0, "sobeysMayContain": "", "sugarAlcoholRoundedOffValue": 0, "omega6PublishNutritional": 0, "ingredients": ["Milk, cream, Mono and diglycerides, Disodium phosphate, Sodium citrate, Carrageenan, Lactase."], "omega3PublishNutritional": 0, "caloriesRoundedOffValue": 20, "saturatedAndTransFatRoundedOffValue": 1, "servingSize": "1 tablespoon (15 mL)", "proteinValuePercentage": "", "fibreValuePercentage": 0, "sodiumValuePercentage": 0, "polyunsaturatedPublishNutritional": "", "potassiumValuePercentage": 1, "potassiumRoundedOffValue": 20, "carbohydratesRoundedOffValue": 1, "servingUOM": "mL", "calciumRoundedOffValue": 20, "vitaminCValuePercentage": 0, "fibreRoundedOffValue": 0, "sugarValuePercentage": 0, "transFatRoundedOffValue": 0, "fatValuePercentage": 2, "ironRoundedOffValue": 0, "metricServingSizeRoundedOffValue": 15, "cholesterolRoundedOffValue": 5, "householdMeasureQuantity": 1, "saturatedFatRoundedOffValue": 1, "saturatedFatValuePercentage": "", "householdUOM": "0", "carbohydratesValuePercentage": "", "ironValuePercentage": 0, "sodiumRoundedOffValue": 0, "cholesterolValuePercentage": ""}, "price": 6.99, "milkFatContentRoundedOffPercentage": "", "itemPackCount": 1, "moistureContentRoundedOffPercentage": "", "scenePlusPoints": 0, "discountType": "", "inStock": true, "categories": ["Dairy & Eggs", "Cream & Creamers"], "brand": "Natrel", "itemAmountUnit": "ML", "updatedAt": 1763571630, "milkFatContentPercentageConcat": "", "images": ["https://media.sobeys.com/original/754000000025700000000034896471_VOILA_c8ae51a47364f179751191a1c7c2fadc7b52ebcf.JPG", "https://media.sobeys.com/screen/754000000025700000000034896471_VOILA-S_a71699b5e5d946a1a62298ae60ffec0c3dc7bca9.JPG", "https://media.sobeys.com/thumb/754000000025700000000034896471_VOILA-S-T_70430e4ce21d9fb3b73585420b0c6fd685406907.JPG"], "gtin": "064420455017", "pageSlug": "natrel-lactose-free-10--coffee-cream-half---half--1-l", "productOfCanada": false, "upc": "064420455017", "weight": "1.063 KG", "seasonedRequired": false, "activePromotion": false, "scaleLabelFixedWeightUOM": "", "isVisible": true, "storeId": "3395", "itemAmountValue": "1000", "allergens": {"alcohol": false, "nutFree": false, "peanutFree": false, "mustardFree": false, "glutenFree": false, "vegan": false, "kosher": false, "shellfishFree": false, "oatFree": false, "sulphitesFree": false, "eggFree": false, "sesameFree": false, "lactoseFree": true, "vegetarian": false, "milkFree": false, "halal": false, "tobacco": false, "wheatFree": false, "soyaFree": false, "organic": false}, "moistureContentPercentageConcat": "", "monounsaturatedPublishNutritional": "", "name": "Natrel Lactose-Free 10% Coffee Cream Half & Half  1 L", "linkeditem": false, "durableLifeCustomerShelfLife": "", "isMassOffers": false, "countryOfOrigin": "", "inventoryLevel": 0, "scaleLabelFixedWeight": "", "objectID": "671602_EA_3395", "_highlightResult": {"description": {"value": "The <em>dairy</em> experts at Natrel have found a way to remove the lactose from cream so now you can enjoy Real Cream \u2013 Lactose Free!", "matchLevel": "full", "fullyHighlighted": false, "matchedWords": ["milk"]}, "articleNumber": {"value": "671602", "matchLevel": "none", "matchedWords": []}, "nutritionalInformation": {"ingredients": [{"value": "<em>Milk</em>, cream, Mono and diglycerides, Disodium phosphate, Sodium citrate, Carrageenan, Lactase.", "matchLevel": "full", "fullyHighlighted": false, "matchedWords": ["milk"]}]}, "categories": [{"value": "<em>Dairy</em> & Eggs", "matchLevel": "full", "fullyHighlighted": false, "matchedWords": ["milk"]}, {"value": "Cream & Creamers", "matchLevel": "none", "matchedWords": []}], "brand": {"value": "Natrel", "matchLevel": "none", "matchedWords": []}, "upc": {"value": "064420455017", "matchLevel": "none", "matchedWords": []}, "name": {"value": "Natrel Lactose-Free 10% Coffee Cream Half & Half  1 L", "matchLevel": "none", "matchedWords": []}, "countryOfOrigin": {"value": "", "matchLevel": "none", "matchedWords": []}}}}
{"store": "Sobeys", "site_slug": "sobeys", "source_url": "https://www.sobeys.com/product/yoplait-yop-1--drinkable-yogurt-raspberry-200-ml", "scrape_ts": "2025-12-26T04:21:42.396094Z", "external_id": "056920130280", "name": "Yoplait Yop 1% Drinkable Yogurt Raspberry 200 ml", "brand": "Yoplait", "size_text": "0.211 KG EA", "price": 1.39, "currency": "CAD", "unit_price": 6.59, "unit_price_uom": "KG", "image_url": "https://media.sobeys.com/original/983468_EA_ml_primary_front_na_020325_VOILA_8ab309c39f1155af9e14d4fa2c5ef8a6da272c1d.JPG", "category_path": "Dairy & Eggs > Yogurt > Drinkable Yogurt", "availability": "in_stock", "raw_source": {"promotions": [{"file_timestamp": 1763381913, "storeNumber": "3886", "lastModifiedDateTime": 1763374800, "endDate": 1768435199, "promotionComplianceFlag": true, "promotionReward": [{"rewardShortDesc": "Customer Price", "applyTo": "", "rewardNumber": 1, "membershipLevelText": "", "rewardTrigger": "", "rewardTypeCode": 4, "rewardType": 4, "isGroupOfferReward": true, "rewardLevel": "", "items": [{"universalProductCode": "", "articleNumber": "983468", "baseUOM": "EA"}], "value1Value20": [{"value_15": "", "value_16": "", "value_13": "", "value_14": "", "value_8": "", "value_19": "", "value_9": "", "value_6": "", "value_17": "", "value_7": "", "value_18": "", "value_4": "", "value_5": "", "value_2": "", "value_3": "", "value_1": "0.99", "value_11": "", "value_12": "", "value_20": "", "value_10": ""}]}], "promotionNumber": 511107803, "couponLimit": "", "source": "ZEDL", "posType": "", "salesOrganization": "4000", "regionCode": "oms", "promotionPlanner": "", "correlationId": "d77720c73a934aaba004954b18683ee9", "id": "ZEDL_3886_511107803", "loadToCardFlag": "", "distributionChannel": "66", "posOfferID": "", "trans_Cd": "", "promotionCondition": [{"isGroupOfferCondition": true, "breakpointFlag": "", "conditionType": 1, "conditionShortDesc": "QTY", "fieldsUsed": 1, "conditionNumber": 2, "conditionLevel": 0, "items": [{"universalProductCode": "", "articleNumber": "983468", "baseUOM": "EA"}], "value1Value20": [{"value_15": "", "value_16": "", "value_13": "", "value_14": "", "value_8": "", "value_19": "", "value_9": "", "value_6": "", "value_17": "", "value_7": "", "value_18": "", "value_4": "", "value_5": "", "value_2": "", "value_3": "", "value_1": "1.00", "value_11": "", "value_12": "", "value_20": "", "value_10": ""}]}], "promotionDescriptionFrench": "", "priority": 2, "activeStatusCode": "", "promotionDescription": "", "nationalBannerCode": "", "currencyCode": "CAD", "startDate": 1762992000}, {"file_timestamp": 1765272126, "storeNumber": "3886", "lastModifiedDateTime": 1765334486, "endDate": 1766620799, "promotionComplianceFlag": true, "promotionReward": [{"rewardShortDesc": "AMT OFF", "applyTo": 1, "rewardNumber": 2, "membershipLevelText": "YYYYYYYYYYYYYYYY", "rewardTrigger": 3, "rewardTypeCode": 1, "rewardType": 1, "isGroupOfferReward": true, "rewardLevel": 0, "items": [{"universalProductCode": "5692013028", "articleNumber": "983468", "baseUOM": "EA"}], "value1Value20": [{"value_15": "", "value_16": "", "value_13": "", "value_14": "", "value_8": "", "value_19": "", "value_9": "", "value_6": "", "value_17": "", "value_7": "", "value_18": "", "value_4": "", "value_5": "", "value_2": "", "value_3": "", "value_1": "75.00", "value_11": "", "value_12": "", "value_20": "", "value_10": ""}]}], "promotionNumber": 7594585, "couponLimit": 1, "source": "CMA", "posType": "ACS", "salesOrganization": "4000", "regionCode": "oms", "promotionPlanner": "N", "correlationId": "7b12b795a6514fd9a3e504b28db15793", "id": "CMA_3886_7594585", "loadToCardFlag": "Y", "distributionChannel": "66", "posOfferID": "40583603611", "trans_Cd": "A", "promotionCondition": [{"isGroupOfferCondition": true, "breakpointFlag": "N", "conditionType": 1, "conditionShortDesc": "QTY", "fieldsUsed": 1, "conditionNumber": 1, "conditionLevel": 0, "items": [{"universalProductCode": "5692013028", "articleNumber": "983468", "baseUOM": "EA"}], "value1Value20": [{"value_15": "", "value_16": "", "value_13": "", "value_14": "", "value_8": "", "value_19": "", "value_9": "", "value_6": "", "value_17": "", "value_7": "", "value_18": "", "value_4": "", "value_5": "", "value_2": "", "value_3": "", "value_1": "3.00", "value_11": "", "value_12": "", "value_20": "", "value_10": ""}]}], "promotionDescriptionFrench": "DTC YopDrinkable B3G0.75$Off", "priority": 1, "activeStatusCode": "A", "promotionDescription": "DTC YopDrinkable B3G0.75$Off", "nationalBannerCode": "004", "currencyCode": "CAD", "startDate": 1766016000}, {"file_timestamp": 1765272126, "storeNumber": "3886", "lastModifiedDateTime": 1765335145, "endDate": 1766620799, "promotionComplianceFlag": true, "promotionReward": [{"rewardShortDesc": "AMT OFF", "applyTo": 1, "rewardNumber": 2, "membershipLevelText": "YYYYYYYYYYYYYYYY", "rewardTrigger": 3, "rewardTypeCode": 1, "rewardType": 1, "isGroupOfferReward": true, "rewardLevel": 0, "items": [{"universalProductCode": "5692013028", "articleNumber": "983468", "baseUOM": "EA"}], "value1Value20": [{"value_15": "", "value_16": "", "value_13": "", "value_14": "", "value_8": "", "value_19": "", "value_9": "", "value_6": "", "value_17": "", "value_7": "", "value_18": "", "value_4": "", "value_5": "", "value_2": "", "value_3": "", "value_1": "75.00", "value_11": "", "value_12": "", "value_20": "", "value_10": ""}]}], "promotionNumber": 7594584, "couponLimit": 1, "source": "CMA", "posType": "ACS", "salesOrganization": "4000", "regionCode": "oms", "promotionPlanner": "N", "correlationId": "bac62139e288493fbb5709d3952d8e45", "id": "CMA_3886_7594584", "loadToCardFlag": "Y", "distributionChannel": "66", "posOfferID": "40583603610", "trans_Cd": "A", "promotionCondition": [{"isGroupOfferCondition": true, "breakpointFlag": "N", "conditionType": 1, "conditionShortDesc": "QTY", "fieldsUsed": 1, "conditionNumber": 1, "conditionLevel": 0, "items": [{"universalProductCode": "5692013028", "articleNumber": "983468", "baseUOM": "EA"}], "value1Value20": [{"value_15": "", "value_16": "", "value_13": "", "value_14": "", "value_8": "", "value_19": "", "value_9": "", "value_6": "", "value_17": "", "value_7": "", "value_18": "", "value_4": "", "value_5": "", "value_2": "", "value_3": "", "value_1": "3.00", "value_11": "", "value_12": "", "value_20": "", "value_10": ""}]}], "promotionDescriptionFrench": "DTC YopDrinkable B3G0.75$Off", "priority": 1, "activeStatusCode": "A", "promotionDescription": "DTC YopDrinkable B3G0.75$Off", "nationalBannerCode": "004", "currencyCode": "CAD", "startDate": 1766016000}, {"file_timestamp": 1765272126, "storeNumber": "3886", "lastModifiedDateTime": 1765335163, "endDate": 1766620799, "promotionComplianceFlag": true, "promotionReward": [{"rewardShortDesc": "Points", "applyTo": 1, "rewardNumber": 2, "membershipLevelText": "YYYYYYYYYYYYYYYY", "rewardTrigger": 3, "rewardTypeCode": 7, "rewardType": 7, "isGroupOfferReward": true, "rewardLevel": 0, "items": [{"universalProductCode": "5692013028", "articleNumber": "983468", "baseUOM": "EA"}], "value1Value20": [{"value_15": "", "value_16": "", "value_13": "", "value_14": "", "value_8": "", "value_19": "", "value_9": "", "value_6": "", "value_17": "", "value_7": "", "value_18": "", "value_4": "", "value_5": "", "value_2": "", "value_3": "", "value_1": "65.00", "value_11": "", "value_12": "", "value_20": "", "value_10": ""}]}], "promotionNumber": 7581666, "couponLimit": 1, "source": "CMA", "posType": "ACS", "salesOrganization": "4000", "regionCode": "oms", "promotionPlanner": "N", "correlationId": "d0b46c6f4ae44aa380bbbdcfc37c8e10", "id": "CMA_3886_7581666", "loadToCardFlag": "Y", "distributionChannel": "66", "posOfferID": "40583483692", "trans_Cd": "A", "promotionCondition": [{"isGroupOfferCondition": true, "breakpointFlag": "N", "conditionType": 1, "conditionShortDesc": "QTY", "fieldsUsed": 1, "conditionNumber": 1, "conditionLevel": 0, "items": [{"universalProductCode": "5692013028", "articleNumber": "983468", "baseUOM": "EA"}], "value1Value20": [{"value_15": "", "value_16": "", "value_13": "", "value_14": "", "value_8": "", "value_19": "", "value_9": "", "value_6": "", "value_17": "", "value_7": "", "value_18": "", "value_4": "", "value_5": "", "value_2": "", "value_3": "", "value_1": "3.00", "value_11": "", "value_12": "", "value_20": "", "value_10": ""}]}], "promotionDescriptionFrench": "DTC YopDrinkableYog B3G65PTS", "priority": 1, "activeStatusCode": "A", "promotionDescription": "DTC YopDrinkableYog B3G65PTS", "nationalBannerCode": "004", "currencyCode": "CAD", "startDate": 1766016000}, {"file_timestamp": 1765272126, "storeNumber": "3886", "lastModifiedDateTime": 1765335238, "endDate": 1766620799, "promotionComplianceFlag": true, "promotionReward": [{"rewardShortDesc": "Points", "applyTo": 1, "rewardNumber": 2, "membershipLevelText": "YYYYYYYYYYYYYYYY", "rewardTrigger": 3, "rewardTypeCode": 7, "rewardType": 7, "isGroupOfferReward": true, "rewardLevel": 0, "items": [{"universalProductCode": "5692013028", "articleNumber": "983468", "baseUOM": "EA"}], "value1Value20": [{"value_15": "", "value_16": "", "value_13": "", "value_14": "", "value_8": "", "value_19": "", "value_9": "", "value_6": "", "value_17": "", "value_7": "", "value_18": "", "value_4": "", "value_5": "", "value_2": "", "value_3": "", "value_1": "65.00", "value_11": "", "value_12": "", "value_20": "", "value_10": ""}]}], "promotionNumber": 7581664, "couponLimit": 1, "source": "CMA", "posType": "ACS", "salesOrganization": "4000", "regionCode": "oms", "promotionPlanner": "N", "correlationId": "07bef132c8da40619896fcf85741610a", "id": "CMA_3886_7581664", "loadToCardFlag": "Y", "distributionChannel": "66", "posOfferID": "40583483690", "trans_Cd": "A", "promotionCondition": [{"isGroupOfferCondition": true, "breakpointFlag": "N", "conditionType": 1, "conditionShortDesc": "QTY", "fieldsUsed": 1, "conditionNumber": 1, "conditionLevel": 0, "items": [{"universalProductCode": "5692013028", "articleNumber": "983468", "baseUOM": "EA"}], "value1Value20": [{"value_15": "", "value_16": "", "value_13": "", "value_14": "", "value_8": "", "value_19": "", "value_9": "", "value_6": "", "value_17": "", "value_7": "", "value_18": "", "value_4": "", "value_5": "", "value_2": "", "value_3": "", "value_1": "3.00", "value_11": "", "value_12": "", "value_20": "", "value_10": ""}]}], "promotionDescriptionFrench": "DTC YopDrinkableYog B3G65PTS", "priority": 1, "activeStatusCode": "A", "promotionDescription": "DTC YopDrinkableYog B3G65PTS", "nationalBannerCode": "004", "currencyCode": "CAD", "startDate": 1766016000}, {"file_timestamp": 1765272126, "storeNumber": "3886", "lastModifiedDateTime": 1765335458, "endDate": 1766620799, "promotionComplianceFlag": true, "promotionReward": [{"rewardShortDesc": "Points", "applyTo": 1, "rewardNumber": 2, "membershipLevelText": "YYYYYYYYYYYYYYYY", "rewardTrigger": 3, "rewardTypeCode": 7, "rewardType": 7, "isGroupOfferReward": true, "rewardLevel": 0, "items": [{"universalProductCode": "5692013028", "articleNumber": "983468", "baseUOM": "EA"}], "value1Value20": [{"value_15": "", "value_16": "", "value_13": "", "value_14": "", "value_8": "", "value_19": "", "value_9": "", "value_6": "", "value_17": "", "value_7": "", "value_18": "", "value_4": "", "value_5": "", "value_2": "", "value_3": "", "value_1": "65.00", "value_11": "", "value_12": "", "value_20": "", "value_10": ""}]}], "promotionNumber": 7581665, "couponLimit": 1, "source": "CMA", "posType": "ACS", "salesOrganization": "4000", "regionCode": "oms", "promotionPlanner": "N", "correlationId": "51c3b9b25f7f48ccbfa72d18fef0b436", "id": "CMA_3886_7581665", "loadToCardFlag": "Y", "distributionChannel": "66", "posOfferID": "40583483691", "trans_Cd": "A", "promotionCondition": [{"isGroupOfferCondition": true, "breakpointFlag": "N", "conditionType": 1, "conditionShortDesc": "QTY", "fieldsUsed": 1, "conditionNumber": 1, "conditionLevel": 0, "items": [{"universalProductCode": "5692013028", "articleNumber": "983468", "baseUOM": "EA"}], "value1Value20": [{"value_15": "", "value_16": "", "value_13": "", "value_14": "", "value_8": "", "value_19": "", "value_9": "", "value_6": "", "value_17": "", "value_7": "", "value_18": "", "value_4": "", "value_5": "", "value_2": "", "value_3": "", "value_1": "3.00", "value_11": "", "value_12": "", "value_20": "", "value_10": ""}]}], "promotionDescriptionFrench": "DTC YopDrinkableYog B3G65PTS", "priority": 1, "activeStatusCode": "A", "promotionDescription": "DTC YopDrinkableYog B3G65PTS", "nationalBannerCode": "004", "currencyCode": "CAD", "startDate": 1766016000}, {"file_timestamp": 1765272126, "storeNumber": "3886", "lastModifiedDateTime": 1765335574, "endDate": 1766620799, "promotionComplianceFlag": true, "promotionReward": [{"rewardShortDesc": "AMT OFF", "applyTo": 1, "rewardNumber": 2, "membershipLevelText": "YYYYYYYYYYYYYYYY", "rewardTrigger": 3, "rewardTypeCode": 1, "rewardType": 1, "isGroupOfferReward": true, "rewardLevel": 0, "items": [{"universalProductCode": "5692013028", "articleNumber": "983468", "baseUOM": "EA"}], "value1Value20": [{"value_15": "", "value_16": "", "value_13": "", "value_14": "", "value_8": "", "value_19": "", "value_9": "", "value_6": "", "value_17": "", "value_7": "", "value_18": "", "value_4": "", "value_5": "", "value_2": "", "value_3": "", "value_1": "75.00", "value_11": "", "value_12": "", "value_20": "", "value_10": ""}]}], "promotionNumber": 7594583, "couponLimit": 1, "source": "CMA", "posType": "ACS", "salesOrganization": "4000", "regionCode": "oms", "promotionPlanner": "N", "correlationId": "92f79969b10843f09f91ad0ce20ff727", "id": "CMA_3886_7594583", "loadToCardFlag": "Y", "distributionChannel": "66", "posOfferID": "40583603609", "trans_Cd": "A", "promotionCondition": [{"isGroupOfferCondition": true, "breakpointFlag": "N", "conditionType": 1, "conditionShortDesc": "QTY", "fieldsUsed": 1, "conditionNumber": 1, "conditionLevel": 0, "items": [{"universalProductCode": "5692013028", "articleNumber": "983468", "baseUOM": "EA"}], "value1Value20": [{"value_15": "", "value_16": "", "value_13": "", "value_14": "", "value_8": "", "value_19": "", "value_9": "", "value_6": "", "value_17": "", "value_7": "", "value_18": "", "value_4": "", "value_5": "", "value_2": "", "value_3": "", "value_1": "3.00", "value_11": "", "value_12": "", "value_20": "", "value_10": ""}]}], "promotionDescriptionFrench": "DTC YopDrinkable B3G0.75$Off", "priority": 1, "activeStatusCode": "A", "promotionDescription": "DTC YopDrinkable B3G0.75$Off", "nationalBannerCode": "004", "currencyCode": "CAD", "startDate": 1766016000}, {"file_timestamp": 1765272126, "storeNumber": "3886", "lastModifiedDateTime": 1765335618, "endDate": 1766620799, "promotionComplianceFlag": true, "promotionReward": [{"rewardShortDesc": "AMT OFF", "applyTo": 1, "rewardNumber": 2, "membershipLevelText": "YYYYYYYYYYYYYYYY", "rewardTrigger": 3, "rewardTypeCode": 1, "rewardType": 1, "isGroupOfferReward": true, "rewardLevel": 0, "items": [{"universalProductCode": "5692013028", "articleNumber": "983468", "baseUOM": "EA"}], "value1Value20": [{"value_15": "", "value_16": "", "value_13": "", "value_14": "", "value_8": "", "value_19": "", "value_9": "", "value_6": "", "value_17": "", "value_7": "", "value_18": "", "value_4": "", "value_5": "", "value_2": "", "value_3": "", "value_1": "75.00", "value_11": "", "value_12": "", "value_20": "", "value_10": ""}]}], "promotionNumber": 7594586, "couponLimit": 1, "source": "CMA", "posType": "ACS", "salesOrganization": "4000", "regionCode": "oms", "promotionPlanner": "N", "correlationId": "d33965f64cc94d2db1f23c6b0299a1ea", "id": "CMA_3886_7594586", "loadToCardFlag": "Y", "distributionChannel": "66", "posOfferID": "40583603612", "trans_Cd": "A", "promotionCondition": [{"isGroupOfferCondition": true, "breakpointFlag": "N", "conditionType": 1, "conditionShortDesc": "QTY", "fieldsUsed": 1, "conditionNumber": 1, "conditionLevel": 0, "items": [{"universalProductCode": "5692013028", "articleNumber": "983468", "baseUOM": "EA"}], "value1Value20": [{"value_15": "", "value_16": "", "value_13": "", "value_14": "", "value_8": "", "value_19": "", "value_9": "", "value_6": "", "value_17": "", "value_7": "", "value_18": "", "value_4": "", "value_5": "", "value_2": "", "value_3": "", "value_1": "3.00", "value_11": "", "value_12": "", "value_20": "", "value_10": ""}]}], "promotionDescriptionFrench": "DTC YopDrinkable B3G0.75$Off", "priority": 1, "activeStatusCode": "A", "promotionDescription": "DTC YopDrinkable B3G0.75$Off", "nationalBannerCode": "004", "currencyCode": "CAD", "startDate": 1766016000}, {"file_timestamp": 1765272126, "storeNumber": "3886", "lastModifiedDateTime": 1765335699, "endDate": 1766620799, "promotionComplianceFlag": true, "promotionReward": [{"rewardShortDesc": "Points", "applyTo": 1, "rewardNumber": 2, "membershipLevelText": "YYYYYYYYYYYYYYYY", "rewardTrigger": 3, "rewardTypeCode": 7, "rewardType": 7, "isGroupOfferReward": true, "rewardLevel": 0, "items": [{"universalProductCode": "5692013028", "articleNumber": "983468", "baseUOM": "EA"}], "value1Value20": [{"value_15": "", "value_16": "", "value_13": "", "value_14": "", "value_8": "", "value_19": "", "value_9": "", "value_6": "", "value_17": "", "value_7": "", "value_18": "", "value_4": "", "value_5": "", "value_2": "", "value_3": "", "value_1": "65.00", "value_11": "", "value_12": "", "value_20": "", "value_10": ""}]}], "promotionNumber": 7581663, "couponLimit": 1, "source": "CMA", "posType": "ACS", "salesOrganization": "4000", "regionCode": "oms", "promotionPlanner": "N", "correlationId": "1d5539e136a844308f5e008ad8beeebd", "id": "CMA_3886_7581663", "loadToCardFlag": "Y", "distributionChannel": "66", "posOfferID": "40583483689", "trans_Cd": "A", "promotionCondition": [{"isGroupOfferCondition": true, "breakpointFlag": "N", "conditionType": 1, "conditionShortDesc": "QTY", "fieldsUsed": 1, "conditionNumber": 1, "conditionLevel": 0, "items": [{"universalProductCode": "5692013028", "articleNumber": "983468", "baseUOM": "EA"}], "value1Value20": [{"value_15": "", "value_16": "", "value_13": "", "value_14": "", "value_8": "", "value_19": "", "value_9": "", "value_6": "", "value_17": "", "value_7": "", "value_18": "", "value_4": "", "value_5": "", "value_2": "", "value_3": "", "value_1": "3.00", "value_11": "", "value_12": "", "value_20": "", "value_10": ""}]}], "promotionDescriptionFrench": "DTC YopDrinkableYog B3G65PTS", "priority": 1, "activeStatusCode": "A", "promotionDescription": "DTC YopDrinkableYog B3G65PTS", "nationalBannerCode": "004", "currencyCode": "CAD", "startDate": 1766016000}, {"file_timestamp": 1765876600, "storeNumber": "3886", "lastModifiedDateTime": 1765923876, "endDate": 1767225599, "promotionComplianceFlag": true, "promotionReward": [{"rewardShortDesc": "AMT OFF", "applyTo": 1, "rewardNumber": 2, "membershipLevelText": "YYYYYYYYYYYYYYYY", "rewardTrigger": 3, "rewardTypeCode": 1, "rewardType": 1, "isGroupOfferReward": true, "rewardLevel": 0, "items": [{"universalProductCode": "5692013028", "articleNumber": "983468", "baseUOM": "EA"}], "value1Value20": [{"value_15": "", "value_16": "", "value_13": "", "value_14": "", "value_8": "", "value_19": "", "value_9": "", "value_6": "", "value_17": "", "value_7": "", "value_18": "", "value_4": "", "value_5": "", "value_2": "", "value_3": "", "value_1": "75.00", "value_11": "", "value_12": "", "value_20": "", "value_10": ""}]}], "promotionNumber": 7644001, "couponLimit": 1, "source": "CMA", "posType": "ACS", "salesOrganization": "4000", "regionCode": "oms", "promotionPlanner": "N", "correlationId": "4e4dd455f5804a5e82f26782b5dc0e44", "id": "CMA_3886_7644001", "loadToCardFlag": "Y", "distributionChannel": "66", "posOfferID": "40593603609", "trans_Cd": "A", "promotionCondition": [{"isGroupOfferCondition": true, "breakpointFlag": "N", "conditionType": 1, "conditionShortDesc": "QTY", "fieldsUsed": 1, "conditionNumber": 1, "conditionLevel": 0, "items": [{"universalProductCode": "5692013028", "articleNumber": "983468", "baseUOM": "EA"}], "value1Value20": [{"value_15": "", "value_16": "", "value_13": "", "value_14": "", "value_8": "", "value_19": "", "value_9": "", "value_6": "", "value_17": "", "value_7": "", "value_18": "", "value_4": "", "value_5": "", "value_2": "", "value_3": "", "value_1": "3.00", "value_11": "", "value_12": "", "value_20": "", "value_10": ""}]}], "promotionDescriptionFrench": "DTC YopDrinkable B3G0.75$Off", "priority": 1, "activeStatusCode": "A", "promotionDescription": "DTC YopDrinkable B3G0.75$Off", "nationalBannerCode": "004", "currencyCode": "CAD", "startDate": 1766620800}, {"file_timestamp": 1765876600, "storeNumber": "3886", "lastModifiedDateTime": 1765923938, "endDate": 1767225599, "promotionComplianceFlag": true, "promotionReward": [{"rewardShortDesc": "Points", "applyTo": 1, "rewardNumber": 2, "membershipLevelText": "YYYYYYYYYYYYYYYY", "rewardTrigger": 3, "rewardTypeCode": 7, "rewardType": 7, "isGroupOfferReward": true, "rewardLevel": 0, "items": [{"universalProductCode": "5692013028", "articleNumber": "983468", "baseUOM": "EA"}], "value1Value20": [{"value_15": "", "value_16": "", "value_13": "", "value_14": "", "value_8": "", "value_19": "", "value_9": "", "value_6": "", "value_17": "", "value_7": "", "value_18": "", "value_4": "", "value_5": "", "value_2": "", "value_3": "", "value_1": "65.00", "value_11": "", "value_12": "", "value_20": "", "value_10": ""}]}], "promotionNumber": 7631088, "couponLimit": 1, "source": "CMA", "posType": "ACS", "salesOrganization": "4000", "regionCode": "oms", "promotionPlanner": "N", "correlationId": "ddf32fdcfd5049fc97e26be494ea3db9", "id": "CMA_3886_7631088", "loadToCardFlag": "Y", "distributionChannel": "66", "posOfferID": "40593483692", "trans_Cd": "A", "promotionCondition": [{"isGroupOfferCondition": true, "breakpointFlag": "N", "conditionType": 1, "conditionShortDesc": "QTY", "fieldsUsed": 1, "conditionNumber": 1, "conditionLevel": 0, "items": [{"universalProductCode": "5692013028", "articleNumber": "983468", "baseUOM": "EA"}], "value1Value20": [{"value_15": "", "value_16": "", "value_13": "", "value_14": "", "value_8": "", "value_19": "", "value_9": "", "value_6": "", "value_17": "", "value_7": "", "value_18": "", "value_4": "", "value_5": "", "value_2": "", "value_3": "", "value_1": "3.00", "value_11": "", "value_12": "", "value_20": "", "value_10": ""}]}], "promotionDescriptionFrench": "DTC YopDrinkableYog B3G65PTS", "priority": 1, "activeStatusCode": "A", "promotionDescription": "DTC YopDrinkableYog B3G65PTS", "nationalBannerCode": "004", "currencyCode": "CAD", "startDate": 1766620800}, {"file_timestamp": 1765876600, "storeNumber": "3886", "lastModifiedDateTime": 1765924125, "endDate": 1767225599, "promotionComplianceFlag": true, "promotionReward": [{"rewardShortDesc": "Points", "applyTo": 1, "rewardNumber": 2, "membershipLevelText": "YYYYYYYYYYYYYYYY", "rewardTrigger": 3, "rewardTypeCode": 7, "rewardType": 7, "isGroupOfferReward": true, "rewardLevel": 0, "items": [{"universalProductCode": "5692013028", "articleNumber": "983468", "baseUOM": "EA"}], "value1Value20": [{"value_15": "", "value_16": "", "value_13": "", "value_14": "", "value_8": "", "value_19": "", "value_9": "", "value_6": "", "value_17": "", "value_7": "", "value_18": "", "value_4": "", "value_5": "", "value_2": "", "value_3": "", "value_1": "65.00", "value_11": "", "value_12": "", "value_20": "", "value_10": ""}]}], "promotionNumber": 7631085, "couponLimit": 1, "source": "CMA", "posType": "ACS", "salesOrganization": "4000", "regionCode": "oms", "promotionPlanner": "N", "correlationId": "6b56b2348c7a42189cc6d6b3ba9e7445", "id": "CMA_3886_7631085", "loadToCardFlag": "Y", "distributionChannel": "66", "posOfferID": "40593483689", "trans_Cd": "A", "promotionCondition": [{"isGroupOfferCondition": true, "breakpointFlag": "N", "conditionType": 1, "conditionShortDesc": "QTY", "fieldsUsed": 1, "conditionNumber": 1, "conditionLevel": 0, "items": [{"universalProductCode": "5692013028", "articleNumber": "983468", "baseUOM": "EA"}], "value1Value20": [{"value_15": "", "value_16": "", "value_13": "", "value_14": "", "value_8": "", "value_19": "", "value_9": "", "value_6": "", "value_17": "", "value_7": "", "value_18": "", "value_4": "", "value_5": "", "value_2": "", "value_3": "", "value_1": "3.00", "value_11": "", "value_12": "", "value_20": "", "value_10": ""}]}], "promotionDescriptionFrench": "DTC YopDrinkableYog B3G65PTS", "priority": 1, "activeStatusCode": "A", "promotionDescription": "DTC YopDrinkableYog B3G65PTS", "nationalBannerCode": "004", "currencyCode": "CAD", "startDate": 1766620800}, {"file_timestamp": 1765876600, "storeNumber": "3886", "lastModifiedDateTime": 1765924181, "endDate": 1767225599, "promotionComplianceFlag": true, "promotionReward": [{"rewardShortDesc": "Points", "applyTo": 1, "rewardNumber": 2, "membershipLevelText": "YYYYYYYYYYYYYYYY", "rewardTrigger": 3, "rewardTypeCode": 7, "rewardType": 7, "isGroupOfferReward": true, "rewardLevel": 0, "items": [{"universalProductCode": "5692013028", "articleNumber": "983468", "baseUOM": "EA"}], "value1Value20": [{"value_15": "", "value_16": "", "value_13": "", "value_14": "", "value_8": "", "value_19": "", "value_9": "", "value_6": "", "value_17": "", "value_7": "", "value_18": "", "value_4": "", "value_5": "", "value_2": "", "value_3": "", "value_1": "65.00", "value_11": "", "value_12": "", "value_20": "", "value_10": ""}]}], "promotionNumber": 7631086, "couponLimit": 1, "source": "CMA", "posType": "ACS", "salesOrganization": "4000", "regionCode": "oms", "promotionPlanner": "N", "correlationId": "70f88d10cc8644b7bd2342fa1a85be3a", "id": "CMA_3886_7631086", "loadToCardFlag": "Y", "distributionChannel": "66", "posOfferID": "40593483690", "trans_Cd": "A", "promotionCondition": [{"isGroupOfferCondition": true, "breakpointFlag": "N", "conditionType": 1, "conditionShortDesc": "QTY", "fieldsUsed": 1, "conditionNumber": 1, "conditionLevel": 0, "items": [{"universalProductCode": "5692013028", "articleNumber": "983468", "baseUOM": "EA"}], "value1Value20": [{"value_15": "", "value_16": "", "value_13": "", "value_14": "", "value_8": "", "value_19": "", "value_9": "", "value_6": "", "value_17": "", "value_7": "", "value_18": "", "value_4": "", "value_5": "", "value_2": "", "value_3": "", "value_1": "3.00", "value_11": "", "value_12": "", "value_20": "", "value_10": ""}]}], "promotionDescriptionFrench": "DTC YopDrinkableYog B3G65PTS", "priority": 1, "activeStatusCode": "A", "promotionDescription": "DTC YopDrinkableYog B3G65PTS", "nationalBannerCode": "004", "currencyCode": "CAD", "startDate": 1766620800}, {"file_timestamp": 1765876600, "storeNumber": "3886", "lastModifiedDateTime": 1765925111, "endDate": 1767225599, "promotionComplianceFlag": true, "promotionReward": [{"rewardShortDesc": "AMT OFF", "applyTo": 1, "rewardNumber": 2, "membershipLevelText": "YYYYYYYYYYYYYYYY", "rewardTrigger": 3, "rewardTypeCode": 1, "rewardType": 1, "isGroupOfferReward": true, "rewardLevel": 0, "items": [{"universalProductCode": "5692013028", "articleNumber": "983468", "baseUOM": "EA"}], "value1Value20": [{"value_15": "", "value_16": "", "value_13": "", "value_14": "", "value_8": "", "value_19": "", "value_9": "", "value_6": "", "value_17": "", "value_7": "", "value_18": "", "value_4": "", "value_5": "", "value_2": "", "value_3": "", "value_1": "75.00", "value_11": "", "value_12": "", "value_20": "", "value_10": ""}]}], "promotionNumber": 7644003, "couponLimit": 1, "source": "CMA", "posType": "ACS", "salesOrganization": "4000", "regionCode": "oms", "promotionPlanner": "N", "correlationId": "46e47922d0a64489a35eafa3d67de47b", "id": "CMA_3886_7644003", "loadToCardFlag": "Y", "distributionChannel": "66", "posOfferID": "40593603611", "trans_Cd": "A", "promotionCondition": [{"isGroupOfferCondition": true, "breakpointFlag": "N", "conditionType": 1, "conditionShortDesc": "QTY", "fieldsUsed": 1, "conditionNumber": 1, "conditionLevel": 0, "items": [{"universalProductCode": "5692013028", "articleNumber": "983468", "baseUOM": "EA"}], "value1Value20": [{"value_15": "", "value_16": "", "value_13": "", "value_14": "", "value_8": "", "value_19": "", "value_9": "", "value_6": "", "value_17": "", "value_7": "", "value_18": "", "value_4": "", "value_5": "", "value_2": "", "value_3": "", "value_1": "3.00", "value_11": "", "value_12": "", "value_20": "", "value_10": ""}]}], "promotionDescriptionFrench": "DTC YopDrinkable B3G0.75$Off", "priority": 1, "activeStatusCode": "A", "promotionDescription": "DTC YopDrinkable B3G0.75$Off", "nationalBannerCode": "004", "currencyCode": "CAD", "startDate": 1766620800}, {"file_timestamp": 1765876600, "storeNumber": "3886", "lastModifiedDateTime": 1765925775, "endDate": 1767225599, "promotionComplianceFlag": true, "promotionReward": [{"rewardShortDesc": "AMT OFF", "applyTo": 1, "rewardNumber": 2, "membershipLevelText": "YYYYYYYYYYYYYYYY", "rewardTrigger": 3, "rewardTypeCode": 1, "rewardType": 1, "isGroupOfferReward": true, "rewardLevel": 0, "items": [{"universalProductCode": "5692013028", "articleNumber": "983468", "baseUOM": "EA"}], "value1Value20": [{"value_15": "", "value_16": "", "value_13": "", "value_14": "", "value_8": "", "value_19": "", "value_9": "", "value_6": "", "value_17": "", "value_7": "", "value_18": "", "value_4": "", "value_5": "", "value_2": "", "value_3": "", "value_1": "75.00", "value_11": "", "value_12": "", "value_20": "", "value_10": ""}]}], "promotionNumber": 7644002, "couponLimit": 1, "source": "CMA", "posType": "ACS", "salesOrganization": "4000", "regionCode": "oms", "promotionPlanner": "N", "correlationId": "77e87eb3941642c9b6c14074ca31cabc", "id": "CMA_3886_7644002", "loadToCardFlag": "Y", "distributionChannel": "66", "posOfferID": "40593603610", "trans_Cd": "A", "promotionCondition": [{"isGroupOfferCondition": true, "breakpointFlag": "N", "conditionType": 1, "conditionShortDesc": "QTY", "fieldsUsed": 1, "conditionNumber": 1, "conditionLevel": 0, "items": [{"universalProductCode": "5692013028", "articleNumber": "983468", "baseUOM": "EA"}], "value1Value20": [{"value_15": "", "value_16": "", "value_13": "", "value_14": "", "value_8": "", "value_19": "", "value_9": "", "value_6": "", "value_17": "", "value_7": "", "value_18": "", "value_4": "", "value_5": "", "value_2": "", "value_3": "", "value_1": "3.00", "value_11": "", "value_12": "", "value_20": "", "value_10": ""}]}], "promotionDescriptionFrench": "DTC YopDrinkable B3G0.75$Off", "priority": 1, "activeStatusCode": "A", "promotionDescription": "DTC YopDrinkable B3G0.75$Off", "nationalBannerCode": "004", "currencyCode": "CAD", "startDate": 1766620800}, {"file_timestamp": 1765876600, "storeNumber": "3886", "lastModifiedDateTime": 1765925960, "endDate": 1767225599, "promotionComplianceFlag": true, "promotionReward": [{"rewardShortDesc": "AMT OFF", "applyTo": 1, "rewardNumber": 2, "membershipLevelText": "YYYYYYYYYYYYYYYY", "rewardTrigger": 3, "rewardTypeCode": 1, "rewardType": 1, "isGroupOfferReward": true, "rewardLevel": 0, "items": [{"universalProductCode": "5692013028", "articleNumber": "983468", "baseUOM": "EA"}], "value1Value20": [{"value_15": "", "value_16": "", "value_13": "", "value_14": "", "value_8": "", "value_19": "", "value_9": "", "value_6": "", "value_17": "", "value_7": "", "value_18": "", "value_4": "", "value_5": "", "value_2": "", "value_3": "", "value_1": "75.00", "value_11": "", "value_12": "", "value_20": "", "value_10": ""}]}], "promotionNumber": 7644004, "couponLimit": 1, "source": "CMA", "posType": "ACS", "salesOrganization": "4000", "regionCode": "oms", "promotionPlanner": "N", "correlationId": "6c0cd52593d243d0b9890193eabd1efa", "id": "CMA_3886_7644004", "loadToCardFlag": "Y", "distributionChannel": "66", "posOfferID": "40593603612", "trans_Cd": "A", "promotionCondition": [{"isGroupOfferCondition": true, "breakpointFlag": "N", "conditionType": 1, "conditionShortDesc": "QTY", "fieldsUsed": 1, "conditionNumber": 1, "conditionLevel": 0, "items": [{"universalProductCode": "5692013028", "articleNumber": "983468", "baseUOM": "EA"}], "value1Value20": [{"value_15": "", "value_16": "", "value_13": "", "value_14": "", "value_8": "", "value_19": "", "value_9": "", "value_6": "", "value_17": "", "value_7": "", "value_18": "", "value_4": "", "value_5": "", "value_2": "", "value_3": "", "value_1": "3.00", "value_11": "", "value_12": "", "value_20": "", "value_10": ""}]}], "promotionDescriptionFrench": "DTC YopDrinkable B3G0.75$Off", "priority": 1, "activeStatusCode": "A", "promotionDescription": "DTC YopDrinkable B3G0.75$Off", "nationalBannerCode": "004", "currencyCode": "CAD", "startDate": 1766620800}, {"file_timestamp": 1765876600, "storeNumber": "3886", "lastModifiedDateTime": 1765926994, "endDate": 1767225599, "promotionComplianceFlag": true, "promotionReward": [{"rewardShortDesc": "Points", "applyTo": 1, "rewardNumber": 2, "membershipLevelText": "YYYYYYYYYYYYYYYY", "rewardTrigger": 3, "rewardTypeCode": 7, "rewardType": 7, "isGroupOfferReward": true, "rewardLevel": 0, "items": [{"universalProductCode": "5692013028", "articleNumber": "983468", "baseUOM": "EA"}], "value1Value20": [{"value_15": "", "value_16": "", "value_13": "", "value_14": "", "value_8": "", "value_19": "", "value_9": "", "value_6": "", "value_17": "", "value_7": "", "value_18": "", "value_4": "", "value_5": "", "value_2": "", "value_3": "", "value_1": "65.00", "value_11": "", "value_12": "", "value_20": "", "value_10": ""}]}], "promotionNumber": 7631087, "couponLimit": 1, "source": "CMA", "posType": "ACS", "salesOrganization": "4000", "regionCode": "oms", "promotionPlanner": "N", "correlationId": "0a2894e48353484f98262249dd3a2a7f", "id": "CMA_3886_7631087", "loadToCardFlag": "Y", "distributionChannel": "66", "posOfferID": "40593483691", "trans_Cd": "A", "promotionCondition": [{"isGroupOfferCondition": true, "breakpointFlag": "N", "conditionType": 1, "conditionShortDesc": "QTY", "fieldsUsed": 1, "conditionNumber": 1, "conditionLevel": 0, "items": [{"universalProductCode": "5692013028", "articleNumber": "983468", "baseUOM": "EA"}], "value1Value20": [{"value_15": "", "value_16": "", "value_13": "", "value_14": "", "value_8": "", "value_19": "", "value_9": "", "value_6": "", "value_17": "", "value_7": "", "value_18": "", "value_4": "", "value_5": "", "value_2": "", "value_3": "", "value_1": "3.00", "value_11": "", "value_12": "", "value_20": "", "value_10": ""}]}], "promotionDescriptionFrench": "DTC YopDrinkableYog B3G65PTS", "priority": 1, "activeStatusCode": "A", "promotionDescription": "DTC YopDrinkableYog B3G65PTS", "nationalBannerCode": "004", "currencyCode": "CAD", "startDate": 1766620800}], "isMassOffers": false, "storageInstructions": "2 C - 5 C", "keywords": [], "channel": "Voila", "description": "Yoplait. Delicious, Fun Family Yogurt. Yoplait Yop 1% Drinkable Yogurt features a deliciously smooth texture and a portable format perfect for breakfast on-the-go. Yoplait Yop 1% M.F. Drinkable Yogurt is the on-the-go yogurt you need to keep you going all day. Yoplait Yop 1% M.F. Drinkable Yogurt contains no gelatin, artificial flavours, or added colours. This portable yogurt drink is convenient to add to a lunchbox or gym bag and a good source of calcium & vitamin D. The fresh milk used in Yoplait products is sourced from Canadian dairy farmers and is free of added growth hormones and antibiotics. Contains one 200 mL drinkable yogurt in total.", "discount": 0, "scaleLabelFixedWeightConcat": "", "hierarchicalCategories": {"lvl2": ["Dairy & Eggs > Yogurt > Drinkable Yogurt"], "lvl0": ["Dairy & Eggs"], "lvl1": ["Dairy & Eggs > Yogurt"]}, "priceQuantity": "1", "createdAt": 1766707200, "uom": "EA", "articleNumber": "983468", "nutritionalInformation": {"sugarRoundedOffValue": 19, "calciumValuePercentage": 15, "proteinRoundedOffValue": 6, "saturatedAndTransFatValuePercentage": 5, "fatRoundedOffValue": 2, "vitaminAValuePercentage": 0, "sobeysMayContain": "", "sugarAlcoholRoundedOffValue": 0, "omega6PublishNutritional": 0, "ingredients": ["Partly Skimmed Milk (Milk, Vitamin D3), Water, Sugar, Milk Protein, Natural Flavour, Bacterial Culture."], "omega3PublishNutritional": 0, "caloriesRoundedOffValue": 130, "saturatedAndTransFatRoundedOffValue": 1, "servingSize": "200 mL", "proteinValuePercentage": "", "fibreValuePercentage": 0, "sodiumValuePercentage": 3, "polyunsaturatedPublishNutritional": "", "potassiumValuePercentage": 7, "potassiumRoundedOffValue": 250, "carbohydratesRoundedOffValue": 21, "servingUOM": "mL", "calciumRoundedOffValue": 200, "vitaminCValuePercentage": 0, "fibreRoundedOffValue": 0, "sugarValuePercentage": 19, "transFatRoundedOffValue": 0, "fatValuePercentage": 3, "ironRoundedOffValue": 0, "metricServingSizeRoundedOffValue": 200, "cholesterolRoundedOffValue": 10, "householdMeasureQuantity": "", "saturatedFatRoundedOffValue": 1, "saturatedFatValuePercentage": "", "householdUOM": "", "carbohydratesValuePercentage": "", "ironValuePercentage": 0, "sodiumRoundedOffValue": 65, "cholesterolValuePercentage": ""}, "price": 1.39, "milkFatContentRoundedOffPercentage": "", "itemPackCount": 1, "moistureContentRoundedOffPercentage": "", "scenePlusPoints": 0, "discountType": "", "inStock": true, "categories": ["Dairy & Eggs", "Yogurt", "Drinkable Yogurt"], "brand": "Yoplait", "itemAmountUnit": "ML", "updatedAt": 1766721621, "milkFatContentPercentageConcat": "", "images": ["https://media.sobeys.com/original/983468_EA_ml_primary_front_na_020325_VOILA_8ab309c39f1155af9e14d4fa2c5ef8a6da272c1d.JPG", "https://media.sobeys.com/screen/983468_EA_ml_primary_front_na_020325_VOILA-S_8767c05ef34b779f82e66c41e5afd5373720a116.JPG", "https://media.sobeys.com/thumb/983468_EA_ml_primary_front_na_020325_VOILA-S-T_05b7bd9d18e672a506ab9fca3f695e846cad4c10.JPG", "https://media.sobeys.com/original/983468_EA_ml_na_alt_nfp_020325_VOILA_9f0bf6f3bc240ea3b3c2fafcd724b4977b446d83.JPG", "https://media.sobeys.com/screen/983468_EA_ml_na_alt_nfp_020325_VOILA-S_a32e38c878edc632eddd496e4ad1b87632a34744.JPG", "https://media.sobeys.com/thumb/983468_EA_ml_na_alt_nfp_020325_VOILA-S-T_ecbcd68830b010a24ead51a4fe96957b7d0d29fa.JPG", "https://media.sobeys.com/original/983468_EA_ml_na_alt_ing_020325_VOILA_e0298a60c14b6061e34866a819a0182617d1c4be.JPG", "https://media.sobeys.com/screen/983468_EA_ml_na_alt_ing_020325_VOILA-S_7cc85a1023b1edfd0e260276c11949cd09c83ecd.JPG", "https://media.sobeys.com/thumb/983468_EA_ml_na_alt_ing_020325_VOILA-S-T_d48a974932424cfb10f3aa5ad54cabfdc8ef920a.JPG", "https://media.sobeys.com/original/983468_EA_en_na_alt_front_020325_VOILA_7399719c93b8610eb7c3b38b137615ce8e366fba.JPG", "https://media.sobeys.com/screen/983468_EA_en_na_alt_front_020325_VOILA-S_d6010fe92972cf96c000e3db87b6fa5af940a914.JPG", "https://media.sobeys.com/thumb/983468_EA_en_na_alt_front_020325_VOILA-S-T_2c718e73497de4b17115c128b0f26590e63f4c02.JPG", "https://media.sobeys.com/original/983468_EA_ml_na_na_alt1_020325_VOILA_ddbb569f71afd5f5b423425146b22075264e70ea.JPG", "https://media.sobeys.com/screen/983468_EA_ml_na_na_alt1_020325_VOILA-S_5bc45a4fcf614a6d7464f9d3681ae4d77140d4c2.JPG", "https://media.sobeys.com/thumb/983468_EA_ml_na_na_alt1_020325_VOILA-S-T_43a7332dec70c147c10c14609c71021c19c40f1d.JPG"], "gtin": "056920130280", "pageSlug": "yoplait-yop-1--drinkable-yogurt-raspberry-200-ml", "productOfCanada": false, "upc": "056920130280", "weight": "0.211 KG", "seasonedRequired": false, "activePromotion": false, "scaleLabelFixedWeightUOM": "", "isVisible": true, "storeId": "3886", "itemAmountValue": "200", "allergens": {"alcohol": false, "nutFree": false, "peanutFree": false, "mustardFree": false, "glutenFree": false, "vegan": false, "kosher": false, "shellfishFree": false, "oatFree": false, "sulphitesFree": false, "eggFree": false, "sesameFree": false, "lactoseFree": false, "vegetarian": false, "milkFree": false, "halal": false, "tobacco": false, "wheatFree": false, "soyaFree": false, "organic": false}, "moistureContentPercentageConcat": "", "monounsaturatedPublishNutritional": "", "name": "Yoplait Yop 1% Drinkable Yogurt Raspberry 200 ml", "linkeditem": false, "durableLifeCustomerShelfLife": "", "countryOfOrigin": "", "inventoryLevel": 0, "scaleLabelFixedWeight": "", "objectID": "983468_EA_3886", "_highlightResult": {"promotions": [{"promotionDescription": {"value": "", "matchLevel": "none", "matchedWords": []}}, {"promotionDescription": {"value": "DTC YopDrinkable B3G0.75$Off", "matchLevel": "none", "matchedWords": []}}, {"promotionDescription": {"value": "DTC YopDrinkable B3G0.75$Off", "matchLevel": "none", "matchedWords": []}}, {"promotionDescription": {"value": "DTC YopDrinkableYog B3G65PTS", "matchLevel": "none", "matchedWords": []}}, {"promotionDescription": {"value": "DTC YopDrinkableYog B3G65PTS", "matchLevel": "none", "matchedWords": []}}, {"promotionDescription": {"value": "DTC YopDrinkableYog B3G65PTS", "matchLevel": "none", "matchedWords": []}}, {"promotionDescription": {"value": "DTC YopDrinkable B3G0.75$Off", "matchLevel": "none", "matchedWords": []}}, {"promotionDescription": {"value": "DTC YopDrinkable B3G0.75$Off", "matchLevel": "none", "matchedWords": []}}, {"promotionDescription": {"value": "DTC YopDrinkableYog B3G65PTS", "matchLevel": "none", "matchedWords": []}}, {"promotionDescription": {"value": "DTC YopDrinkable B3G0.75$Off", "matchLevel": "none", "matchedWords": []}}, {"promotionDescription": {"value": "DTC YopDrinkableYog B3G65PTS", "matchLevel": "none", "matchedWords": []}}, {"promotionDescription": {"value": "DTC YopDrinkableYog B3G65PTS", "matchLevel": "none", "matchedWords": []}}, {"promotionDescription": {"value": "DTC YopDrinkableYog B3G65PTS", "matchLevel": "none", "matchedWords": []}}, {"promotionDescription": {"value": "DTC YopDrinkable B3G0.75$Off", "matchLevel": "none", "matchedWords": []}}, {"promotionDescription": {"value": "DTC YopDrinkable B3G0.75$Off", "matchLevel": "none", "matchedWords": []}}, {"promotionDescription": {"value": "DTC YopDrinkable B3G0.75$Off", "matchLevel": "none", "matchedWords": []}}, {"promotionDescription": {"value": "DTC YopDrinkableYog B3G65PTS", "matchLevel": "none", "matchedWords": []}}], "description": {"value": "Yoplait. Delicious, Fun Family Yogurt. Yoplait Yop 1% Drinkable Yogurt features a deliciously smooth texture and a portable format perfect for breakfast on-the-go. Yoplait Yop 1% M.F. Drinkable Yogurt is the on-the-go yogurt you need to keep you going all day. Yoplait Yop 1% M.F. Drinkable Yogurt contains no gelatin, artificial flavours, or added colours. This portable yogurt drink is convenient to add to a lunchbox or gym bag and a good source of calcium & vitamin D. The fresh milk used in Yoplait products is sourced from Canadian dairy farmers and is free of added growth hormones and antibiotics. Contains one 200 mL drinkable yogurt in total.", "matchLevel": "none", "matchedWords": []}, "articleNumber": {"value": "983468", "matchLevel": "none", "matchedWords": []}, "nutritionalInformation": {"ingredients": [{"value": "Partly Skimmed Milk (Milk, Vitamin D3), Water, Sugar, Milk Protein, Natural Flavour, Bacterial Culture.", "matchLevel": "none", "matchedWords": []}]}, "categories": [{"value": "<em>Dairy & Eggs</em>", "matchLevel": "full", "fullyHighlighted": true, "matchedWords": ["eggs"]}, {"value": "Yogurt", "matchLevel": "none", "matchedWords": []}, {"value": "Drinkable Yogurt", "matchLevel": "none", "matchedWords": []}], "brand": {"value": "Yoplait", "matchLevel": "none", "matchedWords": []}, "upc": {"value": "056920130280", "matchLevel": "none", "matchedWords": []}, "name": {"value": "Yoplait Yop 1% Drinkable Yogurt Raspberry 200 ml", "matchLevel": "none", "matchedWords": []}, "countryOfOrigin": {"value": "", "matchLevel": "none", "matchedWords": []}}}}
{"store": "Sobeys", "site_slug": "sobeys", "source_url": "https://www.sobeys.com/product/sch\u00e4r-gluten-free-white-bread-artisan-baker-400-g", "scrape_ts": "2025-12-26T04:21:10.977058Z", "external_id": "810757011255", "name": "Sch\u00e4r Gluten-Free White Bread Artisan Baker 400 g", "brand": "Sch\u00e4r", "size_text": "0.42 KG EA", "price": 10.99, "currency": "CAD", "unit_price": 26.17, "unit_price_uom": "KG", "image_url": "https://media.sobeys.com/original/678673_EA_ml_primary_front_022423_VOILA_4449d54b3b7ca6a0ebbeab14cdff8bf061a5a432.JPG", "category_path": "Bread & Bakery > Bread > White Bread", "availability": "in_stock", "raw_source": {"storageInstructions": "13 C - 28 C", "keywords": [], "channel": "Voila", "description": "", "discount": 0, "scaleLabelFixedWeightConcat": "", "hierarchicalCategories": {"lvl2": ["Bread & Bakery > Bread > White Bread", "Bread & Bakery > Gluten-Free Baked Goods > Gluten-Free Bread & Wraps"], "lvl0": ["Bread & Bakery"], "lvl1": ["Bread & Bakery > Bread", "Bread & Bakery > Gluten-Free Baked Goods"]}, "priceQuantity": "1", "createdAt": 1766620800, "uom": "EA", "articleNumber": "678673", "nutritionalInformation": {"sugarRoundedOffValue": 2, "calciumValuePercentage": 1, "proteinRoundedOffValue": 2, "saturatedAndTransFatValuePercentage": 3, "fatRoundedOffValue": 2, "vitaminAValuePercentage": 0, "sobeysMayContain": "", "sugarAlcoholRoundedOffValue": 0, "omega6PublishNutritional": 0, "ingredients": ["Water, Sourdough (Rice Flour, Water), Rice Starch, Corn Starch, Agave Syrup, Psyllium Seed Husk, Sunflower Oil, Modified Cellulose, Soy Protein, Yeast, Millet Flour, Citrus Fiber, Rice Flour, Sugar, Quinoa Flour, Salt, Guar Gum, Corn Flour, Honey, Calcium Citrate, Niacin, Iron, Thiamine, Riboflavin."], "omega3PublishNutritional": 0, "caloriesRoundedOffValue": 130, "saturatedAndTransFatRoundedOffValue": 0.5, "servingSize": "2 slices (57 g)", "proteinValuePercentage": "", "fibreValuePercentage": 18, "sodiumValuePercentage": 8, "polyunsaturatedPublishNutritional": "", "potassiumValuePercentage": 1, "potassiumRoundedOffValue": 50, "carbohydratesRoundedOffValue": 28, "servingUOM": "g", "calciumRoundedOffValue": 10, "vitaminCValuePercentage": 0, "fibreRoundedOffValue": 5, "sugarValuePercentage": 2, "transFatRoundedOffValue": 0, "fatValuePercentage": 3, "ironRoundedOffValue": 0.75, "metricServingSizeRoundedOffValue": 57, "cholesterolRoundedOffValue": 0, "householdMeasureQuantity": 2, "saturatedFatRoundedOffValue": 0.5, "saturatedFatValuePercentage": "", "householdUOM": "0", "carbohydratesValuePercentage": "", "ironValuePercentage": 4, "sodiumRoundedOffValue": 180, "cholesterolValuePercentage": ""}, "price": 10.99, "milkFatContentRoundedOffPercentage": "", "itemPackCount": 1, "moistureContentRoundedOffPercentage": "", "scenePlusPoints": 0, "discountType": "", "inStock": true, "categories": ["Bread & Bakery", "Bread", "White Bread", "Gluten-Free Baked Goods", "Gluten-Free Bread & Wraps"], "brand": "Sch\u00e4r", "updatedAt": 1766668518, "milkFatContentPercentageConcat": "", "images": ["https://media.sobeys.com/original/678673_EA_ml_primary_front_022423_VOILA_4449d54b3b7ca6a0ebbeab14cdff8bf061a5a432.JPG", "https://media.sobeys.com/screen/678673_EA_ml_primary_front_022423_VOILA-S_7e2e8698bf7811df124950a81c5ed08fcd5faacd.JPG", "https://media.sobeys.com/thumb/678673_EA_ml_primary_front_022423_VOILA-S-T_4cee76aea743d93f7ab9bf5977d0c39f766e1527.JPG"], "gtin": "00810757011255", "pageSlug": "sch\u00e4r-gluten-free-white-bread-artisan-baker-400-g", "upc": "810757011255", "weight": "0.42 KG", "seasonedRequired": false, "activePromotion": false, "scaleLabelFixedWeightUOM": "", "isVisible": true, "storeId": "5098", "allergens": {"alcohol": false, "nutFree": false, "peanutFree": false, "mustardFree": false, "glutenFree": true, "vegan": false, "kosher": false, "shellfishFree": false, "oatFree": false, "sulphitesFree": false, "eggFree": false, "sesameFree": false, "lactoseFree": false, "vegetarian": false, "milkFree": false, "halal": false, "tobacco": false, "wheatFree": false, "soyaFree": false, "organic": false}, "moistureContentPercentageConcat": "", "monounsaturatedPublishNutritional": "", "name": "Sch\u00e4r Gluten-Free White Bread Artisan Baker 400 g", "linkeditem": false, "durableLifeCustomerShelfLife": "", "isMassOffers": false, "countryOfOrigin": "", "inventoryLevel": 0, "scaleLabelFixedWeight": "", "promotions": [{"file_timestamp": 1764153180, "storeNumber": "5098", "lastModifiedDateTime": 1764227276, "endDate": 1767225599, "promotionComplianceFlag": true, "promotionReward": [{"rewardShortDesc": "Customer Price", "applyTo": "", "rewardNumber": 1, "membershipLevelText": "", "rewardTrigger": "", "rewardTypeCode": 4, "rewardType": 4, "isGroupOfferReward": false, "rewardLevel": "", "items": [{"universalProductCode": "", "articleNumber": "678673", "baseUOM": "EA"}], "value1Value20": [{"value_15": "", "value_16": "", "value_13": "", "value_14": "", "value_8": "", "value_19": "", "value_9": "", "value_6": "", "value_17": "", "value_7": "", "value_18": "", "value_4": "", "value_5": "", "value_2": "", "value_3": "", "value_1": "9.99", "value_11": "", "value_12": "", "value_20": "", "value_10": ""}]}], "promotionNumber": 1201195120, "couponLimit": "", "source": "ZEDL", "posType": "", "salesOrganization": "5100", "regionCode": "wms", "promotionPlanner": "", "correlationId": "100b9f62a1c44b5b982ef2d7ab6a6ed0", "id": "ZEDL_5098_1201195120", "loadToCardFlag": "", "distributionChannel": "02", "posOfferID": "", "trans_Cd": "", "promotionCondition": [{"isGroupOfferCondition": false, "breakpointFlag": "", "conditionType": 1, "conditionShortDesc": "QTY", "fieldsUsed": 1, "conditionNumber": 2, "conditionLevel": 0, "items": [{"universalProductCode": "", "articleNumber": "678673", "baseUOM": "EA"}], "value1Value20": [{"value_15": "", "value_16": "", "value_13": "", "value_14": "", "value_8": "", "value_19": "", "value_9": "", "value_6": "", "value_17": "", "value_7": "", "value_18": "", "value_4": "", "value_5": "", "value_2": "", "value_3": "", "value_1": "1.00", "value_11": "", "value_12": "", "value_20": "", "value_10": ""}]}], "promotionDescriptionFrench": "", "priority": 2, "activeStatusCode": "", "promotionDescription": "", "nationalBannerCode": "", "currencyCode": "CAD", "startDate": 1764201600}, {"file_timestamp": 1764061975, "storeNumber": "5098", "lastModifiedDateTime": 1764141528, "endDate": 1767225599, "promotionComplianceFlag": true, "promotionReward": [{"rewardShortDesc": "Customer Price", "applyTo": "", "rewardNumber": 1, "membershipLevelText": "", "rewardTrigger": "", "rewardTypeCode": 4, "rewardType": 4, "isGroupOfferReward": true, "rewardLevel": "", "items": [{"universalProductCode": "", "articleNumber": "678673", "baseUOM": "EA"}], "value1Value20": [{"value_15": "", "value_16": "", "value_13": "", "value_14": "", "value_8": "", "value_19": "", "value_9": "", "value_6": "", "value_17": "", "value_7": "", "value_18": "", "value_4": "", "value_5": "", "value_2": "", "value_3": "", "value_1": "9.99", "value_11": "", "value_12": "", "value_20": "", "value_10": ""}]}], "promotionNumber": 1201193308, "couponLimit": "", "source": "ZEDL", "posType": "", "salesOrganization": "5100", "regionCode": "wms", "promotionPlanner": "", "correlationId": "18c59a3280954db7ae07b805ecb6b53a", "id": "ZEDL_5098_1201193308", "loadToCardFlag": "", "distributionChannel": "61", "posOfferID": "", "trans_Cd": "", "promotionCondition": [{"isGroupOfferCondition": true, "breakpointFlag": "", "conditionType": 1, "conditionShortDesc": "QTY", "fieldsUsed": 1, "conditionNumber": 2, "conditionLevel": 0, "items": [{"universalProductCode": "", "articleNumber": "678673", "baseUOM": "EA"}], "value1Value20": [{"value_15": "", "value_16": "", "value_13": "", "value_14": "", "value_8": "", "value_19": "", "value_9": "", "value_6": "", "value_17": "", "value_7": "", "value_18": "", "value_4": "", "value_5": "", "value_2": "", "value_3": "", "value_1": "1.00", "value_11": "", "value_12": "", "value_20": "", "value_10": ""}]}], "promotionDescriptionFrench": "", "priority": 2, "activeStatusCode": "", "promotionDescription": "", "nationalBannerCode": "", "currencyCode": "CAD", "startDate": 1764201600}], "itemAmountUnit": "G", "productOfCanada": false, "itemAmountValue": "400", "objectID": "678673_EA_5098", "_highlightResult": {"description": {"value": "", "matchLevel": "none", "matchedWords": []}, "articleNumber": {"value": "678673", "matchLevel": "none", "matchedWords": []}, "nutritionalInformation": {"ingredients": [{"value": "Water, Sourdough (Rice Flour, Water), Rice Starch, Corn Starch, Agave Syrup, Psyllium Seed Husk, Sunflower Oil, Modified Cellulose, Soy Protein, Yeast, Millet Flour, Citrus Fiber, Rice Flour, Sugar, Quinoa Flour, Salt, Guar Gum, Corn Flour, Honey, Calcium Citrate, Niacin, Iron, Thiamine, Riboflavin.", "matchLevel": "none", "matchedWords": []}]}, "categories": [{"value": "<em>Bread</em> & Bakery", "matchLevel": "full", "fullyHighlighted": false, "matchedWords": ["bread"]}, {"value": "<em>Bread</em>", "matchLevel": "full", "fullyHighlighted": true, "matchedWords": ["bread"]}, {"value": "White <em>Bread</em>", "matchLevel": "full", "fullyHighlighted": false, "matchedWords": ["bread"]}, {"value": "Gluten-Free Baked Goods", "matchLevel": "none", "matchedWords": []}, {"value": "Gluten-Free <em>Bread</em> & Wraps", "matchLevel": "full", "fullyHighlighted": false, "matchedWords": ["bread"]}], "brand": {"value": "Sch\u00e4r", "matchLevel": "none", "matchedWords": []}, "upc": {"value": "810757011255", "matchLevel": "none", "matchedWords": []}, "name": {"value": "Sch\u00e4r Gluten-Free White <em>Bread</em> Artisan Baker 400 g", "matchLevel": "full", "fullyHighlighted": false, "matchedWords": ["bread"]}, "countryOfOrigin": {"value": "", "matchLevel": "none", "matchedWords": []}, "promotions": [{"promotionDescription": {"value": "", "matchLevel": "none", "matchedWords": []}}, {"promotionDescription": {"value": "", "matchLevel": "none", "matchedWords": []}}]}}}
{"store": "Sobeys", "site_slug": "sobeys", "source_url": "https://www.sobeys.com/product/compliments-white-eggs-free-run-large-12-count", "scrape_ts": "2025-12-26T04:21:15.101973Z", "external_id": "055742568950", "name": "Compliments White Eggs Free Run Large 12 Count", "brand": "Compliments", "size_text": "0.765 KG EA", "price": 6.89, "currency": "CAD", "unit_price": 9.01, "unit_price_uom": "KG", "image_url": "https://media.sobeys.com/original/848792_EA_ml_primary_front_VOILA_c76b1fe9f674bb4dd0a22b68481333957db5c8b6.JPG", "category_path": "Dairy & Eggs > Eggs > Whole Eggs", "availability": "in_stock", "raw_source": {"storageInstructions": "2 C - 5 C", "keywords": [], "channel": "Voila", "description": "", "discount": 0, "scaleLabelFixedWeightConcat": "", "hierarchicalCategories": {"lvl2": ["Dairy & Eggs > Eggs > Whole Eggs"], "lvl0": ["Dairy & Eggs", "Shop Canada"], "lvl1": ["Dairy & Eggs > Eggs", "Shop Canada > Canada Dairy & Eggs"]}, "priceQuantity": "1", "createdAt": 1766534400, "uom": "EA", "articleNumber": "848792", "nutritionalInformation": {"sugarRoundedOffValue": 0, "calciumValuePercentage": 4, "proteinRoundedOffValue": 13, "saturatedAndTransFatValuePercentage": 18, "fatRoundedOffValue": 11, "vitaminAValuePercentage": 22, "sobeysMayContain": "", "sugarAlcoholRoundedOffValue": 0, "omega6PublishNutritional": 0, "ingredients": ["Large Free Run Eggs, White"], "omega3PublishNutritional": 0, "caloriesRoundedOffValue": 160, "saturatedAndTransFatRoundedOffValue": 3.5, "servingSize": "2 large eggs (105 g)", "proteinValuePercentage": "", "fibreValuePercentage": 0, "sodiumValuePercentage": 6, "polyunsaturatedPublishNutritional": "", "potassiumValuePercentage": 4, "potassiumRoundedOffValue": 125, "carbohydratesRoundedOffValue": 1, "servingUOM": "g", "calciumRoundedOffValue": 50, "vitaminCValuePercentage": 0, "fibreRoundedOffValue": 0, "sugarValuePercentage": 0, "transFatRoundedOffValue": 0, "fatValuePercentage": 15, "ironRoundedOffValue": 1.75, "metricServingSizeRoundedOffValue": 105, "cholesterolRoundedOffValue": 400, "householdMeasureQuantity": 2, "saturatedFatRoundedOffValue": 3.5, "saturatedFatValuePercentage": "", "householdUOM": "0", "carbohydratesValuePercentage": "", "ironValuePercentage": 10, "sodiumRoundedOffValue": 130, "cholesterolValuePercentage": ""}, "price": 6.89, "milkFatContentRoundedOffPercentage": "", "itemPackCount": 1, "moistureContentRoundedOffPercentage": "", "scenePlusPoints": 0, "discountType": "", "inStock": true, "categories": ["Dairy & Eggs", "Eggs", "Shop Canada", "Canada Dairy & Eggs", "Whole Eggs"], "brand": "Compliments", "updatedAt": 1766587560, "milkFatContentPercentageConcat": "", "images": ["https://media.sobeys.com/original/848792_EA_ml_primary_front_VOILA_c76b1fe9f674bb4dd0a22b68481333957db5c8b6.JPG", "https://media.sobeys.com/screen/848792_EA_ml_primary_front_VOILA-S_cfa54c656e96dd8f3a16eede8b14100635a90842.JPG", "https://media.sobeys.com/thumb/848792_EA_ml_primary_front_VOILA-S-T_aef2fa68cbe824798459c507bb3738a87147b306.JPG"], "gtin": "00055742568950", "pageSlug": "compliments-white-eggs-free-run-large-12-count", "upc": "055742568950", "weight": "0.765 KG", "seasonedRequired": false, "activePromotion": false, "scaleLabelFixedWeightUOM": "", "isVisible": true, "storeId": "9517", "allergens": {"alcohol": false, "nutFree": false, "peanutFree": false, "mustardFree": false, "glutenFree": false, "vegan": false, "kosher": false, "shellfishFree": false, "oatFree": false, "sulphitesFree": false, "eggFree": false, "sesameFree": false, "lactoseFree": false, "vegetarian": false, "milkFree": false, "halal": false, "tobacco": false, "wheatFree": false, "soyaFree": false, "organic": false}, "moistureContentPercentageConcat": "", "monounsaturatedPublishNutritional": "", "name": "Compliments White Eggs Free Run Large 12 Count", "linkeditem": false, "durableLifeCustomerShelfLife": "", "isMassOffers": false, "countryOfOrigin": "", "inventoryLevel": 0, "scaleLabelFixedWeight": "", "promotions": [{"file_timestamp": 1764964701, "storeNumber": "9517", "lastModifiedDateTime": 1765045676, "endDate": 1766620799, "promotionComplianceFlag": true, "promotionReward": [{"rewardShortDesc": "Points", "applyTo": 1, "rewardNumber": 1, "membershipLevelText": "YYYYYYYYYYYYYYYY", "rewardTrigger": 2, "rewardTypeCode": 7, "rewardType": 7, "isGroupOfferReward": false, "rewardLevel": 0, "items": [{"universalProductCode": "5574256895", "articleNumber": "848792", "baseUOM": "EA"}], "value1Value20": [{"value_15": "", "value_16": "", "value_13": "", "value_14": "", "value_8": "", "value_19": "", "value_9": "", "value_6": "", "value_17": "", "value_7": "", "value_18": "", "value_4": "", "value_5": "", "value_2": "", "value_3": "", "value_1": "100.00", "value_11": "", "value_12": "", "value_20": "", "value_10": ""}]}], "promotionNumber": 7464913, "couponLimit": "", "source": "CMA", "posType": "ACS", "salesOrganization": "5100", "regionCode": "wms", "promotionPlanner": "Y", "correlationId": "967cca448b184c0cb1a4cc3749d362d4", "id": "CMA_9517_7464913", "loadToCardFlag": "N", "distributionChannel": "02", "posOfferID": "", "trans_Cd": "A", "promotionCondition": [{"isGroupOfferCondition": false, "breakpointFlag": "", "conditionType": "", "conditionShortDesc": "", "fieldsUsed": "", "conditionNumber": "", "conditionLevel": "", "items": [], "value1Value20": [{"value_15": "", "value_16": "", "value_13": "", "value_14": "", "value_8": "", "value_19": "", "value_9": "", "value_6": "", "value_17": "", "value_7": "", "value_18": "", "value_4": "", "value_5": "", "value_2": "", "value_3": "", "value_1": "", "value_11": "", "value_12": "", "value_20": "", "value_10": ""}]}], "promotionDescriptionFrench": "Achetez 2 Gagnez 100 Points", "priority": 1, "activeStatusCode": "A", "promotionDescription": "Buy 2 Earn 100 Points", "nationalBannerCode": "005", "currencyCode": "CAD", "startDate": 1766016000}], "itemAmountUnit": "EA", "productOfCanada": true, "itemAmountValue": "12", "objectID": "848792_EA_9517", "_highlightResult": {"description": {"value": "", "matchLevel": "none", "matchedWords": []}, "articleNumber": {"value": "848792", "matchLevel": "none", "matchedWords": []}, "nutritionalInformation": {"ingredients": [{"value": "Large Free Run <em>Eggs</em>, White", "matchLevel": "full", "fullyHighlighted": false, "matchedWords": ["eggs"]}]}, "categories": [{"value": "Dairy & <em>Eggs</em>", "matchLevel": "full", "fullyHighlighted": false, "matchedWords": ["eggs"]}, {"value": "<em>Eggs</em>", "matchLevel": "full", "fullyHighlighted": true, "matchedWords": ["eggs"]}, {"value": "Shop Canada", "matchLevel": "none", "matchedWords": []}, {"value": "Canada Dairy & <em>Eggs</em>", "matchLevel": "full", "fullyHighlighted": false, "matchedWords": ["eggs"]}, {"value": "Whole <em>Eggs</em>", "matchLevel": "full", "fullyHighlighted": false, "matchedWords": ["eggs"]}], "brand": {"value": "Compliments", "matchLevel": "none", "matchedWords": []}, "upc": {"value": "055742568950", "matchLevel": "none", "matchedWords": []}, "name": {"value": "Compliments White <em>Eggs</em> Free Run Large 12 Count", "matchLevel": "full", "fullyHighlighted": false, "matchedWords": ["eggs"]}, "countryOfOrigin": {"value": "", "matchLevel": "none", "matchedWords": []}, "promotions": [{"promotionDescription": {"value": "Buy 2 Earn 100 Points", "matchLevel": "none", "matchedWords": []}}]}}}
{"store": "Sobeys", "site_slug": "sobeys", "source_url": "https://www.sobeys.com/product/burnbrae-farms-eggs2go-omega-3-eggs-hard-boiled---peeled-6-count", "scrape_ts": "2025-12-26T04:21:15.101973Z", "external_id": "065651024225", "name": "Burnbrae Farms Eggs2Go Omega 3 Eggs Hard Boiled & Peeled 6 Count", "brand": "Burnbrae Farms", "size_text": "0.272 KG EA", "price": 5.49, "currency": "CAD", "unit_price": 20.18, "unit_price_uom": "KG", "image_url": "https://media.sobeys.com/original/937733_EA_ml_primary_front_na_121225_VOILA_cd7c44fa5c655dbd52c60b5e40dae02494d084b7.JPG", "category_path": "Dairy & Eggs > Eggs > Whole Eggs", "availability": "in_stock", "raw_source": {"storageInstructions": "2 C - 5 C", "keywords": [], "channel": "Voila", "description": "", "discount": 0, "scaleLabelFixedWeightConcat": "", "hierarchicalCategories": {"lvl2": ["Dairy & Eggs > Eggs > Whole Eggs"], "lvl0": ["Dairy & Eggs", "Shop Canada"], "lvl1": ["Dairy & Eggs > Eggs", "Shop Canada > Canada Dairy & Eggs"]}, "priceQuantity": "1", "createdAt": 1766102400, "uom": "EA", "articleNumber": "937733", "nutritionalInformation": {"sugarRoundedOffValue": 0, "calciumValuePercentage": "", "proteinRoundedOffValue": 12, "saturatedAndTransFatValuePercentage": 15, "fatRoundedOffValue": 9, "vitaminAValuePercentage": 0, "sobeysMayContain": "", "sugarAlcoholRoundedOffValue": 0, "omega6PublishNutritional": 1.5, "ingredients": ["Whole Egg. Contains: Egg."], "omega3PublishNutritional": 0, "caloriesRoundedOffValue": 130, "saturatedAndTransFatRoundedOffValue": 3, "servingSize": "88 g", "proteinValuePercentage": "", "fibreValuePercentage": 0, "sodiumValuePercentage": 4, "polyunsaturatedPublishNutritional": "", "potassiumValuePercentage": 3, "potassiumRoundedOffValue": 100, "carbohydratesRoundedOffValue": 1, "servingUOM": "g", "calciumRoundedOffValue": "", "vitaminCValuePercentage": 0, "fibreRoundedOffValue": 0, "sugarValuePercentage": 0, "transFatRoundedOffValue": 0, "fatValuePercentage": 12, "ironRoundedOffValue": "", "metricServingSizeRoundedOffValue": 88, "cholesterolRoundedOffValue": 370, "householdMeasureQuantity": "", "saturatedFatRoundedOffValue": 3, "saturatedFatValuePercentage": "", "householdUOM": "", "carbohydratesValuePercentage": "", "ironValuePercentage": "", "sodiumRoundedOffValue": 100, "cholesterolValuePercentage": ""}, "price": 5.49, "milkFatContentRoundedOffPercentage": "", "itemPackCount": 1, "moistureContentRoundedOffPercentage": "", "scenePlusPoints": 0, "discountType": "", "inStock": true, "categories": ["Dairy & Eggs", "Eggs", "Shop Canada", "Canada Dairy & Eggs", "Whole Eggs"], "brand": "Burnbrae Farms", "itemAmountUnit": "EA", "updatedAt": 1766169917, "milkFatContentPercentageConcat": "", "images": ["https://media.sobeys.com/original/937733_EA_ml_primary_front_na_121225_VOILA_cd7c44fa5c655dbd52c60b5e40dae02494d084b7.JPG", "https://media.sobeys.com/screen/937733_EA_ml_primary_front_na_121225_VOILA-S_3504de1f382d505ba30fda3c8deb29758defa566.JPG", "https://media.sobeys.com/thumb/937733_EA_ml_primary_front_na_121225_VOILA-S-T_57bf097f83728a0f2e8803273441751591f5579a.JPG", "https://media.sobeys.com/original/065651024225_ml_nfp_VOILA_100b32db01995db999c970fa25177f132f984bce.JPG", "https://media.sobeys.com/screen/065651024225_ml_nfp_VOILA-S_50d3ad6cceb6148baa4c3242764cf8eba8afc28e.JPG", "https://media.sobeys.com/thumb/065651024225_ml_nfp_VOILA-S-T_472126253df032664ca95336c608d8a7f324fe3e.JPG", "https://media.sobeys.com/original/065651024225_en_ing_VOILA_d895629f28deb6df984dd004a02312bb97fdb570.JPG", "https://media.sobeys.com/screen/065651024225_en_ing_VOILA-S_aed7feb271169098cce6a99b4fcbdaaf45fad4cc.JPG", "https://media.sobeys.com/thumb/065651024225_en_ing_VOILA-S-T_49ca587e1e6a50a5cb164c34d6e3b22481db06f4.JPG", "https://media.sobeys.com/original/065651024225_fr_ing_VOILA_a717b95557164b20c616f054e4a2b93ca395e367.JPG", "https://media.sobeys.com/screen/065651024225_fr_ing_VOILA-S_9fef52a505d9ae0c49d37573bf4c8a1c743e7766.JPG", "https://media.sobeys.com/thumb/065651024225_fr_ing_VOILA-S-T_9db8bc673212427a8cc1b01e20b18114e1d25dfe.JPG"], "gtin": "00065651024225", "pageSlug": "burnbrae-farms-eggs2go-omega-3-eggs-hard-boiled---peeled-6-count", "productOfCanada": true, "upc": "065651024225", "weight": "0.272 KG", "seasonedRequired": false, "activePromotion": false, "scaleLabelFixedWeightUOM": "", "isVisible": true, "storeId": "9876", "itemAmountValue": "6", "allergens": {"alcohol": false, "nutFree": false, "peanutFree": false, "mustardFree": false, "glutenFree": false, "vegan": false, "kosher": false, "shellfishFree": false, "oatFree": false, "sulphitesFree": false, "eggFree": false, "sesameFree": false, "lactoseFree": false, "vegetarian": false, "milkFree": false, "halal": false, "tobacco": false, "wheatFree": false, "soyaFree": false, "organic": false}, "moistureContentPercentageConcat": "", "monounsaturatedPublishNutritional": "", "name": "Burnbrae Farms Eggs2Go Omega 3 Eggs Hard Boiled & Peeled 6 Count", "linkeditem": false, "durableLifeCustomerShelfLife": "", "isMassOffers": false, "countryOfOrigin": "", "inventoryLevel": 0, "scaleLabelFixedWeight": "", "promotions": [], "objectID": "937733_EA_9876", "_highlightResult": {"description": {"value": "", "matchLevel": "none", "matchedWords": []}, "articleNumber": {"value": "937733", "matchLevel": "none", "matchedWords": []}, "nutritionalInformation": {"ingredients": [{"value": "Whole Egg. Contains: Egg.", "matchLevel": "none", "matchedWords": []}]}, "categories": [{"value": "Dairy & <em>Eggs</em>", "matchLevel": "full", "fullyHighlighted": false, "matchedWords": ["eggs"]}, {"value": "<em>Eggs</em>", "matchLevel": "full", "fullyHighlighted": true, "matchedWords": ["eggs"]}, {"value": "Shop Canada", "matchLevel": "none", "matchedWords": []}, {"value": "Canada Dairy & <em>Eggs</em>", "matchLevel": "full", "fullyHighlighted": false, "matchedWords": ["eggs"]}, {"value": "Whole <em>Eggs</em>", "matchLevel": "full", "fullyHighlighted": false, "matchedWords": ["eggs"]}], "brand": {"value": "Burnbrae Farms", "matchLevel": "none", "matchedWords": []}, "upc": {"value": "065651024225", "matchLevel": "none", "matchedWords": []}, "name": {"value": "Burnbrae Farms Eggs2Go Omega 3 <em>Eggs</em> Hard Boiled & Peeled 6 Count", "matchLevel": "full", "fullyHighlighted": false, "matchedWords": ["eggs"]}, "countryOfOrigin": {"value": "", "matchLevel": "none", "matchedWords": []}}}}
{"store": "Sobeys", "site_slug": "sobeys", "source_url": "https://www.sobeys.com/product/burnbrae-farms-nature-s-best-eggs-large-12-count", "scrape_ts": "2025-12-26T04:21:15.101973Z", "external_id": "065651000229", "name": "Burnbrae Farms Nature's Best Eggs Large 12 Count", "brand": "Burnbrae Farms", "size_text": "0.683 KG EA", "price": 5.99, "currency": "CAD", "unit_price": 8.77, "unit_price_uom": "KG", "image_url": "https://media.sobeys.com/original/754000000025700000000024103370_VOILA_72152d5d7f0499486ad63e6dae80a9b29be7e143.JPG", "category_path": "Dairy & Eggs > Eggs > Whole Eggs", "availability": "in_stock", "raw_source": {"storageInstructions": "2 C - 5 C", "keywords": [], "channel": "Voila", "description": "", "discount": 0, "scaleLabelFixedWeightConcat": "", "hierarchicalCategories": {"lvl2": ["Dairy & Eggs > Eggs > Whole Eggs"], "lvl0": ["Dairy & Eggs", "Shop Canada"], "lvl1": ["Dairy & Eggs > Eggs", "Shop Canada > Canada Dairy & Eggs"]}, "priceQuantity": "1", "createdAt": 1765843200, "uom": "EA", "articleNumber": "863607", "nutritionalInformation": {"sugarRoundedOffValue": 0, "calciumValuePercentage": "", "proteinRoundedOffValue": 13, "saturatedAndTransFatValuePercentage": 18, "fatRoundedOffValue": 11, "vitaminAValuePercentage": 22, "sobeysMayContain": "", "sugarAlcoholRoundedOffValue": 0, "omega6PublishNutritional": 0, "ingredients": ["Eggs"], "omega3PublishNutritional": 0, "caloriesRoundedOffValue": 160, "saturatedAndTransFatRoundedOffValue": 3.5, "servingSize": "105 g", "proteinValuePercentage": "", "fibreValuePercentage": 0, "sodiumValuePercentage": 6, "polyunsaturatedPublishNutritional": "", "potassiumValuePercentage": 4, "potassiumRoundedOffValue": 125, "carbohydratesRoundedOffValue": 1, "servingUOM": "g", "calciumRoundedOffValue": "", "vitaminCValuePercentage": 0, "fibreRoundedOffValue": 0, "sugarValuePercentage": 0, "transFatRoundedOffValue": 0, "fatValuePercentage": 15, "ironRoundedOffValue": "", "metricServingSizeRoundedOffValue": 105, "cholesterolRoundedOffValue": 400, "householdMeasureQuantity": "", "saturatedFatRoundedOffValue": 3.5, "saturatedFatValuePercentage": "", "householdUOM": "", "carbohydratesValuePercentage": "", "ironValuePercentage": "", "sodiumRoundedOffValue": 130, "cholesterolValuePercentage": ""}, "price": 5.99, "milkFatContentRoundedOffPercentage": "", "itemPackCount": 1, "moistureContentRoundedOffPercentage": "", "scenePlusPoints": 0, "discountType": "", "inStock": true, "categories": ["Dairy & Eggs", "Eggs", "Shop Canada", "Canada Dairy & Eggs", "Whole Eggs"], "brand": "Burnbrae Farms", "updatedAt": 1765860317, "milkFatContentPercentageConcat": "", "images": ["https://media.sobeys.com/original/754000000025700000000024103370_VOILA_72152d5d7f0499486ad63e6dae80a9b29be7e143.JPG", "https://media.sobeys.com/screen/754000000025700000000024103370_VOILA-S_95a1073614638aed6b84819b08a495698d97118d.JPG", "https://media.sobeys.com/thumb/754000000025700000000024103370_VOILA-S-T_d290f27936518fc062c56501b217b9db9a4ff9d3.JPG"], "gtin": "00065651000229", "pageSlug": "burnbrae-farms-nature-s-best-eggs-large-12-count", "upc": "065651000229,065651000212", "weight": "0.683 KG", "seasonedRequired": false, "activePromotion": false, "scaleLabelFixedWeightUOM": "", "isVisible": true, "storeId": "4728", "allergens": {"alcohol": false, "nutFree": false, "peanutFree": false, "mustardFree": false, "glutenFree": false, "vegan": false, "kosher": false, "shellfishFree": false, "oatFree": false, "sulphitesFree": false, "eggFree": false, "sesameFree": false, "lactoseFree": false, "vegetarian": false, "milkFree": false, "halal": false, "tobacco": false, "wheatFree": false, "soyaFree": false, "organic": false}, "moistureContentPercentageConcat": "", "monounsaturatedPublishNutritional": "", "name": "Burnbrae Farms Nature's Best Eggs Large 12 Count", "linkeditem": false, "durableLifeCustomerShelfLife": "", "isMassOffers": false, "countryOfOrigin": "", "inventoryLevel": 0, "scaleLabelFixedWeight": "", "itemAmountUnit": "EA", "productOfCanada": true, "itemAmountValue": "12", "promotions": [{"file_timestamp": 1766603151, "storeNumber": "4728", "lastModifiedDateTime": 1766644617, "endDate": 1767311999, "promotionComplianceFlag": true, "promotionReward": [{"rewardShortDesc": "Points", "applyTo": 1, "rewardNumber": 1, "membershipLevelText": "YYYYYYYYYYYYYYYY", "rewardTrigger": 2, "rewardTypeCode": 7, "rewardType": 7, "isGroupOfferReward": true, "rewardLevel": 0, "items": [{"universalProductCode": "6565100022", "articleNumber": "863607", "baseUOM": "EA"}], "value1Value20": [{"value_15": "", "value_16": "", "value_13": "", "value_14": "", "value_8": "", "value_19": "", "value_9": "", "value_6": "", "value_17": "", "value_7": "", "value_18": "", "value_4": "", "value_5": "", "value_2": "", "value_3": "", "value_1": "100.00", "value_11": "", "value_12": "", "value_20": "", "value_10": ""}]}], "promotionNumber": 7580294, "couponLimit": "", "source": "CMA", "posType": "ACS", "salesOrganization": "4000", "regionCode": "oms", "promotionPlanner": "Y", "correlationId": "4f0a3c5a3e2144e399b1bb6f965c6bba", "id": "CMA_4728_7580294", "loadToCardFlag": "N", "distributionChannel": "68", "posOfferID": "", "trans_Cd": "D", "promotionCondition": [{"isGroupOfferCondition": false, "breakpointFlag": "", "conditionType": "", "conditionShortDesc": "", "fieldsUsed": "", "conditionNumber": "", "conditionLevel": "", "items": [], "value1Value20": [{"value_15": "", "value_16": "", "value_13": "", "value_14": "", "value_8": "", "value_19": "", "value_9": "", "value_6": "", "value_17": "", "value_7": "", "value_18": "", "value_4": "", "value_5": "", "value_2": "", "value_3": "", "value_1": "", "value_11": "", "value_12": "", "value_20": "", "value_10": ""}]}], "promotionDescriptionFrench": "Burnbrae Far Eggs", "priority": 1, "activeStatusCode": "A", "promotionDescription": "Burnbrae Far Eggs", "nationalBannerCode": "005", "currencyCode": "CAD", "startDate": 1767225600}, {"file_timestamp": 1765566291, "storeNumber": "4728", "lastModifiedDateTime": 1765607478, "endDate": 1770854399, "promotionComplianceFlag": true, "promotionReward": [{"rewardShortDesc": "Points", "applyTo": 1, "rewardNumber": 1, "membershipLevelText": "YYYYYYYYYYYYYYYY", "rewardTrigger": 2, "rewardTypeCode": 7, "rewardType": 7, "isGroupOfferReward": true, "rewardLevel": 0, "items": [{"universalProductCode": "6565100022", "articleNumber": "863607", "baseUOM": "EA"}], "value1Value20": [{"value_15": "", "value_16": "", "value_13": "", "value_14": "", "value_8": "", "value_19": "", "value_9": "", "value_6": "", "value_17": "", "value_7": "", "value_18": "", "value_4": "", "value_5": "", "value_2": "", "value_3": "", "value_1": "100.00", "value_11": "", "value_12": "", "value_20": "", "value_10": ""}]}], "promotionNumber": 7630104, "couponLimit": "", "source": "CMA", "posType": "ACS", "salesOrganization": "4000", "regionCode": "oms", "promotionPlanner": "N", "correlationId": "9c94d37a9099420ca00f3d00208f93fb", "id": "CMA_4728_7630104", "loadToCardFlag": "N", "distributionChannel": "68", "posOfferID": "", "trans_Cd": "A", "promotionCondition": [{"isGroupOfferCondition": false, "breakpointFlag": "", "conditionType": "", "conditionShortDesc": "", "fieldsUsed": "", "conditionNumber": "", "conditionLevel": "", "items": [], "value1Value20": [{"value_15": "", "value_16": "", "value_13": "", "value_14": "", "value_8": "", "value_19": "", "value_9": "", "value_6": "", "value_17": "", "value_7": "", "value_18": "", "value_4": "", "value_5": "", "value_2": "", "value_3": "", "value_1": "", "value_11": "", "value_12": "", "value_20": "", "value_10": ""}]}], "promotionDescriptionFrench": "Burnbrae Far Eggs", "priority": 1, "activeStatusCode": "A", "promotionDescription": "Burnbrae Far Eggs", "nationalBannerCode": "005", "currencyCode": "CAD", "startDate": 1767225600}], "objectID": "863607_EA_4728", "_highlightResult": {"description": {"value": "", "matchLevel": "none", "matchedWords": []}, "articleNumber": {"value": "863607", "matchLevel": "none", "matchedWords": []}, "nutritionalInformation": {"ingredients": [{"value": "<em>Eggs</em>", "matchLevel": "full", "fullyHighlighted": true, "matchedWords": ["eggs"]}]}, "categories": [{"value": "Dairy & <em>Eggs</em>", "matchLevel": "full", "fullyHighlighted": false, "matchedWords": ["eggs"]}, {"value": "<em>Eggs</em>", "matchLevel": "full", "fullyHighlighted": true, "matchedWords": ["eggs"]}, {"value": "Shop Canada", "matchLevel": "none", "matchedWords": []}, {"value": "Canada Dairy & <em>Eggs</em>", "matchLevel": "full", "fullyHighlighted": false, "matchedWords": ["eggs"]}, {"value": "Whole <em>Eggs</em>", "matchLevel": "full", "fullyHighlighted": false, "matchedWords": ["eggs"]}], "brand": {"value": "Burnbrae Farms", "matchLevel": "none", "matchedWords": []}, "upc": {"value": "065651000229,065651000212", "matchLevel": "none", "matchedWords": []}, "name": {"value": "Burnbrae Farms Nature's Best <em>Eggs</em> Large 12 Count", "matchLevel": "full", "fullyHighlighted": false, "matchedWords": ["eggs"]}, "countryOfOrigin": {"value": "", "matchLevel": "none", "matchedWords": []}, "promotions": [{"promotionDescription": {"value": "Burnbrae Far <em>Eggs</em>", "matchLevel": "full", "fullyHighlighted": false, "matchedWords": ["eggs"]}}, {"promotionDescription": {"value": "Burnbrae Far <em>Eggs</em>", "matchLevel": "full", "fullyHighlighted": false, "matchedWords": ["eggs"]}}]}}}
{"store": "Sobeys", "site_slug": "sobeys", "source_url": "https://www.sobeys.com/product/nature-s-farm-organic-omega-3-eggs-grade-a-large-value-size-30-count", "scrape_ts": "2025-12-26T04:21:15.101973Z", "external_id": "774910001555", "name": "Nature's Farm Organic Omega 3 Eggs Grade A Large Value Size 30 Count", "brand": "Nature's Farm", "size_text": "2.1 KG EA", "price": 18.99, "currency": "CAD", "unit_price": 9.04, "unit_price_uom": "KG", "image_url": "https://media.sobeys.com/original/985299_EA_ml_primary_front_010623_VS_VOILA_8f8ca234580ffe612093f2097e3f7bd9d2ee78a4.JPG", "category_path": "Dairy & Eggs > Eggs > Whole Eggs", "availability": "in_stock", "raw_source": {"storageInstructions": "2 C - 5 C", "keywords": [], "channel": "Voila", "description": "", "discount": 0, "scaleLabelFixedWeightConcat": "", "hierarchicalCategories": {"lvl2": ["Dairy & Eggs > Eggs > Whole Eggs", "Local > Local Western Canada > Local Manitoba"], "lvl0": ["Dairy & Eggs", "Local"], "lvl1": ["Dairy & Eggs > Eggs", "Local > Local Western Canada"]}, "priceQuantity": "1", "createdAt": 1764547200, "uom": "EA", "articleNumber": "985299", "nutritionalInformation": {"sugarRoundedOffValue": 0, "calciumValuePercentage": "", "proteinRoundedOffValue": 0, "saturatedAndTransFatValuePercentage": 0, "fatRoundedOffValue": 0, "vitaminAValuePercentage": 0, "sobeysMayContain": "", "sugarAlcoholRoundedOffValue": 0, "omega6PublishNutritional": 0, "ingredients": [""], "omega3PublishNutritional": 0, "caloriesRoundedOffValue": 0, "saturatedAndTransFatRoundedOffValue": 0, "servingSize": "", "proteinValuePercentage": "", "fibreValuePercentage": 0, "sodiumValuePercentage": 0, "polyunsaturatedPublishNutritional": "", "potassiumValuePercentage": 0, "potassiumRoundedOffValue": 0, "carbohydratesRoundedOffValue": 0, "servingUOM": "", "calciumRoundedOffValue": "", "vitaminCValuePercentage": 0, "fibreRoundedOffValue": 0, "sugarValuePercentage": 0, "transFatRoundedOffValue": 0, "fatValuePercentage": 0, "ironRoundedOffValue": "", "metricServingSizeRoundedOffValue": 0, "cholesterolRoundedOffValue": 0, "householdMeasureQuantity": "", "saturatedFatRoundedOffValue": 0, "saturatedFatValuePercentage": "", "householdUOM": "", "carbohydratesValuePercentage": "", "ironValuePercentage": "", "sodiumRoundedOffValue": 0, "cholesterolValuePercentage": ""}, "price": 18.99, "milkFatContentRoundedOffPercentage": "", "itemPackCount": 1, "moistureContentRoundedOffPercentage": "", "scenePlusPoints": 0, "discountType": "", "inStock": true, "categories": ["Dairy & Eggs", "Eggs", "Whole Eggs", "Local", "Local Western Canada", "Local Manitoba"], "brand": "Nature's Farm", "itemAmountUnit": "EA", "updatedAt": 1764611204, "milkFatContentPercentageConcat": "", "images": ["https://media.sobeys.com/original/985299_EA_ml_primary_front_010623_VS_VOILA_8f8ca234580ffe612093f2097e3f7bd9d2ee78a4.JPG", "https://media.sobeys.com/screen/985299_EA_ml_primary_front_010623_VS_VOILA-S_ffd4b2cd01e5591cfc44611967640ec9db164829.JPG", "https://media.sobeys.com/thumb/985299_EA_ml_primary_front_010623_VS_VOILA-S-T_6411a93b47509a1bc8177317c39f8f610fd3cb60.JPG"], "gtin": "774910001555", "pageSlug": "nature-s-farm-organic-omega-3-eggs-grade-a-large-value-size-30-count", "productOfCanada": false, "upc": "774910001555", "weight": "2.1 KG", "seasonedRequired": false, "activePromotion": false, "scaleLabelFixedWeightUOM": "", "isVisible": true, "storeId": "9518", "itemAmountValue": "30", "allergens": {"alcohol": false, "nutFree": false, "peanutFree": false, "mustardFree": false, "glutenFree": false, "vegan": false, "kosher": false, "shellfishFree": false, "oatFree": false, "sulphitesFree": false, "eggFree": false, "sesameFree": false, "lactoseFree": false, "vegetarian": false, "milkFree": false, "halal": false, "tobacco": false, "wheatFree": false, "soyaFree": false, "organic": true}, "moistureContentPercentageConcat": "", "monounsaturatedPublishNutritional": "", "name": "Nature's Farm Organic Omega 3 Eggs Grade A Large Value Size 30 Count", "linkeditem": false, "durableLifeCustomerShelfLife": "", "isMassOffers": false, "countryOfOrigin": "", "inventoryLevel": 0, "scaleLabelFixedWeight": "", "objectID": "985299_EA_9518", "_highlightResult": {"description": {"value": "", "matchLevel": "none", "matchedWords": []}, "articleNumber": {"value": "985299", "matchLevel": "none", "matchedWords": []}, "nutritionalInformation": {"ingredients": [{"value": "", "matchLevel": "none", "matchedWords": []}]}, "categories": [{"value": "Dairy & <em>Eggs</em>", "matchLevel": "full", "fullyHighlighted": false, "matchedWords": ["eggs"]}, {"value": "<em>Eggs</em>", "matchLevel": "full", "fullyHighlighted": true, "matchedWords": ["eggs"]}, {"value": "Whole <em>Eggs</em>", "matchLevel": "full", "fullyHighlighted": false, "matchedWords": ["eggs"]}, {"value": "Local", "matchLevel": "none", "matchedWords": []}, {"value": "Local Western Canada", "matchLevel": "none", "matchedWords": []}, {"value": "Local Manitoba", "matchLevel": "none", "matchedWords": []}], "brand": {"value": "Nature's Farm", "matchLevel": "none", "matchedWords": []}, "upc": {"value": "774910001555", "matchLevel": "none", "matchedWords": []}, "name": {"value": "Nature's Farm Organic Omega 3 <em>Eggs</em> Grade A Large Value Size 30 Count", "matchLevel": "full", "fullyHighlighted": false, "matchedWords": ["eggs"]}, "countryOfOrigin": {"value": "", "matchLevel": "none", "matchedWords": []}}}}
{"store": "Sobeys", "site_slug": "sobeys", "source_url": "https://www.sobeys.com/product/nature-s-farm-eggs-omega-3-free-run-large-30-count", "scrape_ts": "2025-12-26T04:21:15.101973Z", "external_id": "774910001012", "name": "Nature's Farm Eggs Omega-3 Free Run Large 30 Count", "brand": "Natures Farm", "size_text": "2.1 KG EA", "price": 13.19, "currency": "CAD", "unit_price": 6.28, "unit_price_uom": "KG", "image_url": "https://media.sobeys.com/original/985302_ea_ml_primary_front_na_092123_VOILA_5ce8278967ef05d09baa171a27f9d6a3d7a981c7.JPG", "category_path": "Dairy & Eggs > Eggs > Whole Eggs", "availability": "in_stock", "raw_source": {"storageInstructions": "2 C - 5 C", "keywords": [], "channel": "Voila", "description": "", "discount": 0, "scaleLabelFixedWeightConcat": "", "hierarchicalCategories": {"lvl2": ["Dairy & Eggs > Eggs > Whole Eggs", "Local > Local Western Canada > Local Manitoba"], "lvl0": ["Dairy & Eggs", "Local"], "lvl1": ["Dairy & Eggs > Eggs", "Local > Local Western Canada"]}, "priceQuantity": "1", "createdAt": 1764547200, "uom": "EA", "articleNumber": "985302", "nutritionalInformation": {"sugarRoundedOffValue": 0, "calciumValuePercentage": "", "proteinRoundedOffValue": 0, "saturatedAndTransFatValuePercentage": 0, "fatRoundedOffValue": 0, "vitaminAValuePercentage": 0, "sobeysMayContain": "", "sugarAlcoholRoundedOffValue": 0, "omega6PublishNutritional": 0, "ingredients": [""], "omega3PublishNutritional": 0, "caloriesRoundedOffValue": 0, "saturatedAndTransFatRoundedOffValue": 0, "servingSize": "", "proteinValuePercentage": "", "fibreValuePercentage": 0, "sodiumValuePercentage": 0, "polyunsaturatedPublishNutritional": "", "potassiumValuePercentage": 0, "potassiumRoundedOffValue": 0, "carbohydratesRoundedOffValue": 0, "servingUOM": "", "calciumRoundedOffValue": "", "vitaminCValuePercentage": 0, "fibreRoundedOffValue": 0, "sugarValuePercentage": 0, "transFatRoundedOffValue": 0, "fatValuePercentage": 0, "ironRoundedOffValue": "", "metricServingSizeRoundedOffValue": 0, "cholesterolRoundedOffValue": 0, "householdMeasureQuantity": "", "saturatedFatRoundedOffValue": 0, "saturatedFatValuePercentage": "", "householdUOM": "", "carbohydratesValuePercentage": "", "ironValuePercentage": "", "sodiumRoundedOffValue": 0, "cholesterolValuePercentage": ""}, "price": 13.19, "milkFatContentRoundedOffPercentage": "", "itemPackCount": 1, "moistureContentRoundedOffPercentage": "", "scenePlusPoints": 0, "discountType": "", "inStock": true, "categories": ["Dairy & Eggs", "Eggs", "Whole Eggs", "Local", "Local Western Canada", "Local Manitoba"], "brand": "Natures Farm", "itemAmountUnit": "EA", "updatedAt": 1764611203, "milkFatContentPercentageConcat": "", "images": ["https://media.sobeys.com/original/985302_ea_ml_primary_front_na_092123_VOILA_5ce8278967ef05d09baa171a27f9d6a3d7a981c7.JPG", "https://media.sobeys.com/screen/985302_ea_ml_primary_front_na_092123_VOILA-S_85c4af8a06305d2e90db9413af4c50fa6174f872.JPG", "https://media.sobeys.com/thumb/985302_ea_ml_primary_front_na_092123_VOILA-S-T_26b3951ffbc9643e9517830a4e11b950de159314.JPG"], "gtin": "774910001012", "pageSlug": "nature-s-farm-eggs-omega-3-free-run-large-30-count", "productOfCanada": false, "upc": "774910001012", "weight": "2.1 KG", "seasonedRequired": false, "activePromotion": false, "scaleLabelFixedWeightUOM": "", "isVisible": true, "storeId": "9518", "itemAmountValue": "30", "allergens": {"alcohol": false, "nutFree": false, "peanutFree": false, "mustardFree": false, "glutenFree": false, "vegan": false, "kosher": false, "shellfishFree": false, "oatFree": false, "sulphitesFree": false, "eggFree": false, "sesameFree": false, "lactoseFree": false, "vegetarian": false, "milkFree": false, "halal": false, "tobacco": false, "wheatFree": false, "soyaFree": false, "organic": false}, "moistureContentPercentageConcat": "", "monounsaturatedPublishNutritional": "", "name": "Nature's Farm Eggs Omega-3 Free Run Large 30 Count", "linkeditem": false, "durableLifeCustomerShelfLife": "", "isMassOffers": false, "countryOfOrigin": "", "inventoryLevel": 0, "scaleLabelFixedWeight": "", "objectID": "985302_EA_9518", "_highlightResult": {"description": {"value": "", "matchLevel": "none", "matchedWords": []}, "articleNumber": {"value": "985302", "matchLevel": "none", "matchedWords": []}, "nutritionalInformation": {"ingredients": [{"value": "", "matchLevel": "none", "matchedWords": []}]}, "categories": [{"value": "Dairy & <em>Eggs</em>", "matchLevel": "full", "fullyHighlighted": false, "matchedWords": ["eggs"]}, {"value": "<em>Eggs</em>", "matchLevel": "full", "fullyHighlighted": true, "matchedWords": ["eggs"]}, {"value": "Whole <em>Eggs</em>", "matchLevel": "full", "fullyHighlighted": false, "matchedWords": ["eggs"]}, {"value": "Local", "matchLevel": "none", "matchedWords": []}, {"value": "Local Western Canada", "matchLevel": "none", "matchedWords": []}, {"value": "Local Manitoba", "matchLevel": "none", "matchedWords": []}], "brand": {"value": "Natures Farm", "matchLevel": "none", "matchedWords": []}, "upc": {"value": "774910001012", "matchLevel": "none", "matchedWords": []}, "name": {"value": "Nature's Farm <em>Eggs</em> Omega-3 Free Run Large 30 Count", "matchLevel": "full", "fullyHighlighted": false, "matchedWords": ["eggs"]}, "countryOfOrigin": {"value": "", "matchLevel": "none", "matchedWords": []}}}}
{"store": "Sobeys", "site_slug": "sobeys", "source_url": "https://www.sobeys.com/product/nature-s-farm-smart-egg-grade-a-large-free-run-omega3-eggs-18-count", "scrape_ts": "2025-12-26T04:21:15.101973Z", "external_id": "774910001036", "name": "Nature's Farm Smart Egg Grade A Large Free Run Omega3 Eggs 18 Count", "brand": "Nature's Farm Smart Egg", "size_text": "1.3 KG EA", "price": 8.29, "currency": "CAD", "unit_price": 6.38, "unit_price_uom": "KG", "image_url": "https://media.sobeys.com/original/985297_EA_ml_primary_front_NA_071023_VOILA_f6faec289670f3092a2a03ebcf5000c249443286.JPG", "category_path": "Dairy & Eggs > Eggs > Whole Eggs", "availability": "in_stock", "raw_source": {"storageInstructions": "2 C - 5 C", "keywords": [], "channel": "Voila", "description": "", "discount": 0, "scaleLabelFixedWeightConcat": "", "hierarchicalCategories": {"lvl2": ["Dairy & Eggs > Eggs > Whole Eggs", "Local > Local Western Canada > Local Manitoba"], "lvl0": ["Dairy & Eggs", "Local"], "lvl1": ["Dairy & Eggs > Eggs", "Local > Local Western Canada"]}, "priceQuantity": "1", "createdAt": 1764547200, "uom": "EA", "articleNumber": "985297", "nutritionalInformation": {"sugarRoundedOffValue": 0, "calciumValuePercentage": "", "proteinRoundedOffValue": 0, "saturatedAndTransFatValuePercentage": 0, "fatRoundedOffValue": 0, "vitaminAValuePercentage": 0, "sobeysMayContain": "", "sugarAlcoholRoundedOffValue": 0, "omega6PublishNutritional": 0, "ingredients": [""], "omega3PublishNutritional": 0, "caloriesRoundedOffValue": 0, "saturatedAndTransFatRoundedOffValue": 0, "servingSize": "", "proteinValuePercentage": "", "fibreValuePercentage": 0, "sodiumValuePercentage": 0, "polyunsaturatedPublishNutritional": "", "potassiumValuePercentage": 0, "potassiumRoundedOffValue": 0, "carbohydratesRoundedOffValue": 0, "servingUOM": "", "calciumRoundedOffValue": "", "vitaminCValuePercentage": 0, "fibreRoundedOffValue": 0, "sugarValuePercentage": 0, "transFatRoundedOffValue": 0, "fatValuePercentage": 0, "ironRoundedOffValue": "", "metricServingSizeRoundedOffValue": 0, "cholesterolRoundedOffValue": 0, "householdMeasureQuantity": "", "saturatedFatRoundedOffValue": 0, "saturatedFatValuePercentage": "", "householdUOM": "", "carbohydratesValuePercentage": "", "ironValuePercentage": "", "sodiumRoundedOffValue": 0, "cholesterolValuePercentage": ""}, "price": 8.29, "milkFatContentRoundedOffPercentage": "", "itemPackCount": 1, "moistureContentRoundedOffPercentage": "", "scenePlusPoints": 0, "discountType": "", "inStock": true, "categories": ["Dairy & Eggs", "Eggs", "Whole Eggs", "Local", "Local Western Canada", "Local Manitoba"], "brand": "Nature's Farm Smart Egg", "itemAmountUnit": "EA", "updatedAt": 1764611203, "milkFatContentPercentageConcat": "", "images": ["https://media.sobeys.com/original/985297_EA_ml_primary_front_NA_071023_VOILA_f6faec289670f3092a2a03ebcf5000c249443286.JPG", "https://media.sobeys.com/screen/985297_EA_ml_primary_front_NA_071023_VOILA-S_1f306174d2fe8d8aad7dd4a0bc872442f5cb9262.JPG", "https://media.sobeys.com/thumb/985297_EA_ml_primary_front_NA_071023_VOILA-S-T_c39a7f531d0ab85346e93eea7fc08cd29495321b.JPG", "https://media.sobeys.com/original/985297_EA_ml_NA_left_NA_071023_VOILA_77eb195ac27d160c9a237b65dfbd657c61798e3b.JPG", "https://media.sobeys.com/screen/985297_EA_ml_NA_left_NA_071023_VOILA-S_2e68c0df56d25dba0fa6c0c062430576facdad32.JPG", "https://media.sobeys.com/thumb/985297_EA_ml_NA_left_NA_071023_VOILA-S-T_0d54a9c8b470a5631645da2598730ce12518a4e7.JPG"], "gtin": "00774910001036", "pageSlug": "nature-s-farm-smart-egg-grade-a-large-free-run-omega3-eggs-18-count", "productOfCanada": false, "upc": "774910001036", "weight": "1.3 KG", "seasonedRequired": false, "activePromotion": false, "scaleLabelFixedWeightUOM": "", "isVisible": true, "storeId": "9518", "itemAmountValue": "18", "allergens": {"alcohol": false, "nutFree": false, "peanutFree": false, "mustardFree": false, "glutenFree": false, "vegan": false, "kosher": false, "shellfishFree": false, "oatFree": false, "sulphitesFree": false, "eggFree": false, "sesameFree": false, "lactoseFree": false, "vegetarian": false, "milkFree": false, "halal": false, "tobacco": false, "wheatFree": false, "soyaFree": false, "organic": false}, "moistureContentPercentageConcat": "", "monounsaturatedPublishNutritional": "", "name": "Nature's Farm Smart Egg Grade A Large Free Run Omega3 Eggs 18 Count", "linkeditem": false, "durableLifeCustomerShelfLife": "", "isMassOffers": false, "countryOfOrigin": "", "inventoryLevel": 0, "scaleLabelFixedWeight": "", "objectID": "985297_EA_9518", "_highlightResult": {"description": {"value": "", "matchLevel": "none", "matchedWords": []}, "articleNumber": {"value": "985297", "matchLevel": "none", "matchedWords": []}, "nutritionalInformation": {"ingredients": [{"value": "", "matchLevel": "none", "matchedWords": []}]}, "categories": [{"value": "Dairy & <em>Eggs</em>", "matchLevel": "full", "fullyHighlighted": false, "matchedWords": ["eggs"]}, {"value": "<em>Eggs</em>", "matchLevel": "full", "fullyHighlighted": true, "matchedWords": ["eggs"]}, {"value": "Whole <em>Eggs</em>", "matchLevel": "full", "fullyHighlighted": false, "matchedWords": ["eggs"]}, {"value": "Local", "matchLevel": "none", "matchedWords": []}, {"value": "Local Western Canada", "matchLevel": "none", "matchedWords": []}, {"value": "Local Manitoba", "matchLevel": "none", "matchedWords": []}], "brand": {"value": "Nature's Farm Smart Egg", "matchLevel": "none", "matchedWords": []}, "upc": {"value": "774910001036", "matchLevel": "none", "matchedWords": []}, "name": {"value": "Nature's Farm Smart Egg Grade A Large Free Run Omega3 <em>Eggs</em> 18 Count", "matchLevel": "full", "fullyHighlighted": false, "matchedWords": ["eggs"]}, "countryOfOrigin": {"value": "", "matchLevel": "none", "matchedWords": []}}}}
{"store": "Sobeys", "site_slug": "sobeys", "source_url": "https://www.sobeys.com/product/the-gamble-farm-brown-eggs-free-run-medium-12-count", "scrape_ts": "2025-12-26T04:21:15.101973Z", "external_id": "627843892052", "name": "The Gamble Farm Brown Eggs Free Run Medium 12 Count", "brand": "The Gamble Farm", "size_text": "0.68 KG EA", "price": 6.49, "currency": "CAD", "unit_price": 9.54, "unit_price_uom": "KG", "image_url": "https://media.sobeys.com/original/947707_EA_ml_primary_front_na_VOILA_418762d5ee107bed9dc9ccf1c16901763f52c515.JPG", "category_path": "Dairy & Eggs > Eggs > Whole Eggs", "availability": "in_stock", "raw_source": {"storageInstructions": "2 C - 5 C", "keywords": [], "channel": "Voila", "description": "", "discount": 0, "scaleLabelFixedWeightConcat": "", "hierarchicalCategories": {"lvl2": ["Dairy & Eggs > Eggs > Whole Eggs"], "lvl0": ["Dairy & Eggs", "Local"], "lvl1": ["Dairy & Eggs > Eggs", "Local > Local Central Canada"]}, "priceQuantity": "1", "createdAt": 1764547200, "uom": "EA", "articleNumber": "947707", "nutritionalInformation": {"sugarRoundedOffValue": 0, "calciumValuePercentage": "", "proteinRoundedOffValue": 0, "saturatedAndTransFatValuePercentage": 0, "fatRoundedOffValue": 0, "vitaminAValuePercentage": 0, "sobeysMayContain": "", "sugarAlcoholRoundedOffValue": 0, "omega6PublishNutritional": 0, "ingredients": [""], "omega3PublishNutritional": 0, "caloriesRoundedOffValue": 0, "saturatedAndTransFatRoundedOffValue": 0, "servingSize": "", "proteinValuePercentage": "", "fibreValuePercentage": 0, "sodiumValuePercentage": 0, "polyunsaturatedPublishNutritional": "", "potassiumValuePercentage": 0, "potassiumRoundedOffValue": 0, "carbohydratesRoundedOffValue": 0, "servingUOM": "", "calciumRoundedOffValue": "", "vitaminCValuePercentage": 0, "fibreRoundedOffValue": 0, "sugarValuePercentage": 0, "transFatRoundedOffValue": 0, "fatValuePercentage": 0, "ironRoundedOffValue": "", "metricServingSizeRoundedOffValue": 0, "cholesterolRoundedOffValue": 0, "householdMeasureQuantity": "", "saturatedFatRoundedOffValue": 0, "saturatedFatValuePercentage": "", "householdUOM": "", "carbohydratesValuePercentage": "", "ironValuePercentage": "", "sodiumRoundedOffValue": 0, "cholesterolValuePercentage": ""}, "price": 6.49, "milkFatContentRoundedOffPercentage": "", "itemPackCount": 1, "moistureContentRoundedOffPercentage": "", "scenePlusPoints": 0, "discountType": "", "inStock": true, "categories": ["Dairy & Eggs", "Eggs", "Local", "Local Central Canada", "Whole Eggs"], "brand": "The Gamble Farm", "updatedAt": 1764611130, "milkFatContentPercentageConcat": "", "images": ["https://media.sobeys.com/original/947707_EA_ml_primary_front_na_VOILA_418762d5ee107bed9dc9ccf1c16901763f52c515.JPG", "https://media.sobeys.com/screen/947707_EA_ml_primary_front_na_VOILA-S_0a76132630ffd612402586f7a4ab1dc8d1eaa258.JPG", "https://media.sobeys.com/thumb/947707_EA_ml_primary_front_na_VOILA-S-T_58ed9a24d3ebcd1e55e4c40d8a551e7b382088e1.JPG"], "gtin": "627843892052", "pageSlug": "the-gamble-farm-brown-eggs-free-run-medium-12-count", "upc": "627843892052", "weight": "0.68 KG", "seasonedRequired": false, "activePromotion": false, "scaleLabelFixedWeightUOM": "", "isVisible": true, "storeId": "7383", "allergens": {"alcohol": false, "nutFree": false, "peanutFree": false, "mustardFree": false, "glutenFree": false, "vegan": false, "kosher": false, "shellfishFree": false, "oatFree": false, "sulphitesFree": false, "eggFree": false, "sesameFree": false, "lactoseFree": false, "vegetarian": false, "milkFree": false, "halal": false, "tobacco": false, "wheatFree": false, "soyaFree": false, "organic": false}, "moistureContentPercentageConcat": "", "monounsaturatedPublishNutritional": "", "name": "The Gamble Farm Brown Eggs Free Run Medium 12 Count", "linkeditem": false, "durableLifeCustomerShelfLife": "", "isMassOffers": false, "countryOfOrigin": "", "inventoryLevel": 0, "scaleLabelFixedWeight": "", "itemAmountUnit": "EA", "productOfCanada": false, "itemAmountValue": "12", "objectID": "947707_EA_7383", "_highlightResult": {"description": {"value": "", "matchLevel": "none", "matchedWords": []}, "articleNumber": {"value": "947707", "matchLevel": "none", "matchedWords": []}, "nutritionalInformation": {"ingredients": [{"value": "", "matchLevel": "none", "matchedWords": []}]}, "categories": [{"value": "Dairy & <em>Eggs</em>", "matchLevel": "full", "fullyHighlighted": false, "matchedWords": ["eggs"]}, {"value": "<em>Eggs</em>", "matchLevel": "full", "fullyHighlighted": true, "matchedWords": ["eggs"]}, {"value": "Local", "matchLevel": "none", "matchedWords": []}, {"value": "Local Central Canada", "matchLevel": "none", "matchedWords": []}, {"value": "Whole <em>Eggs</em>", "matchLevel": "full", "fullyHighlighted": false, "matchedWords": ["eggs"]}], "brand": {"value": "The Gamble Farm", "matchLevel": "none", "matchedWords": []}, "upc": {"value": "627843892052", "matchLevel": "none", "matchedWords": []}, "name": {"value": "The Gamble Farm Brown <em>Eggs</em> Free Run Medium 12 Count", "matchLevel": "full", "fullyHighlighted": false, "matchedWords": ["eggs"]}, "countryOfOrigin": {"value": "", "matchLevel": "none", "matchedWords": []}}}}
{"store": "Sobeys", "site_slug": "sobeys", "source_url": "https://www.sobeys.com/product/spring-creek-quail-farms-farms-fresh-quail-eggs-value-size-18-count", "scrape_ts": "2025-12-26T04:21:15.101973Z", "external_id": "883084100701", "name": "Spring Creek Quail Farms Farms Fresh Quail Eggs Value Size 18 Count", "brand": "Spring Creek Quail Farms", "size_text": "0.16 KG EA", "price": 4.79, "currency": "CAD", "unit_price": 29.94, "unit_price_uom": "KG", "image_url": "https://media.sobeys.com/original/838249_EA_ml_primary_front_010623_VS_VOILA_6d058c3feec6d6d2a99fc9763dc4d184aca9c1fc.JPG", "category_path": "Dairy & Eggs > Eggs > Whole Eggs", "availability": "in_stock", "raw_source": {"storageInstructions": "2 C - 5 C", "keywords": [], "channel": "Voila", "description": "", "discount": 0, "scaleLabelFixedWeightConcat": "", "hierarchicalCategories": {"lvl2": ["Dairy & Eggs > Eggs > Whole Eggs"], "lvl0": ["Dairy & Eggs", "Local"], "lvl1": ["Dairy & Eggs > Eggs", "Local > Local Central Canada"]}, "priceQuantity": "1", "createdAt": 1763078400, "uom": "EA", "articleNumber": "838249", "nutritionalInformation": {"sugarRoundedOffValue": 0, "calciumValuePercentage": "", "proteinRoundedOffValue": 4, "saturatedAndTransFatValuePercentage": 8, "fatRoundedOffValue": 3, "vitaminAValuePercentage": 6, "sobeysMayContain": "", "sugarAlcoholRoundedOffValue": 0, "omega6PublishNutritional": 0, "ingredients": ["Contains Eggs"], "omega3PublishNutritional": 0, "caloriesRoundedOffValue": 45, "saturatedAndTransFatRoundedOffValue": 1.5, "servingSize": "31 g", "proteinValuePercentage": "", "fibreValuePercentage": 0, "sodiumValuePercentage": 2, "polyunsaturatedPublishNutritional": "", "potassiumValuePercentage": 1, "potassiumRoundedOffValue": 40, "carbohydratesRoundedOffValue": 0, "servingUOM": "g", "calciumRoundedOffValue": "", "vitaminCValuePercentage": 0, "fibreRoundedOffValue": 0, "sugarValuePercentage": 0, "transFatRoundedOffValue": 0, "fatValuePercentage": 4, "ironRoundedOffValue": "", "metricServingSizeRoundedOffValue": 31, "cholesterolRoundedOffValue": 75, "householdMeasureQuantity": "", "saturatedFatRoundedOffValue": 1.5, "saturatedFatValuePercentage": "", "householdUOM": "", "carbohydratesValuePercentage": "", "ironValuePercentage": "", "sodiumRoundedOffValue": 40, "cholesterolValuePercentage": ""}, "price": 4.79, "milkFatContentRoundedOffPercentage": "", "itemPackCount": 1, "moistureContentRoundedOffPercentage": "", "scenePlusPoints": 0, "discountType": "", "inStock": true, "categories": ["Dairy & Eggs", "Eggs", "Local", "Local Central Canada", "Whole Eggs"], "brand": "Spring Creek Quail Farms", "itemAmountUnit": "EA", "updatedAt": 1763126124, "milkFatContentPercentageConcat": "", "images": ["https://media.sobeys.com/original/838249_EA_ml_primary_front_010623_VS_VOILA_6d058c3feec6d6d2a99fc9763dc4d184aca9c1fc.JPG", "https://media.sobeys.com/screen/838249_EA_ml_primary_front_010623_VS_VOILA-S_2b3150f7652cf88f9faa8c14459f3f8771fa1703.JPG", "https://media.sobeys.com/thumb/838249_EA_ml_primary_front_010623_VS_VOILA-S-T_a8a31b34ca84fe3e0086d02ad5df2589d5fb2153.JPG", "https://media.sobeys.com/original/838249_EA_ml_primary_front_na_052423_VOILA_dcd1f901784972a05f5d6b6495ca8b719e5edb41.JPG", "https://media.sobeys.com/screen/838249_EA_ml_primary_front_na_052423_VOILA-S_82a51035e1e18ba166c167c33bd46a13c9886104.JPG", "https://media.sobeys.com/thumb/838249_EA_ml_primary_front_na_052423_VOILA-S-T_f3c13108c15778fed8afa1389b77a1b6ea14acc7.JPG", "https://media.sobeys.com/original/838249_EA_ml_na_left_alt_052423_VOILA_d7588fb5050306c84f8ceb880a41b97ce2784958.JPG", "https://media.sobeys.com/screen/838249_EA_ml_na_left_alt_052423_VOILA-S_f1f10d67af445bf57dfa74cd3d97e2b669ea1fde.JPG", "https://media.sobeys.com/thumb/838249_EA_ml_na_left_alt_052423_VOILA-S-T_bfe61433ce2257553802aa78097cebd9e5e7360d.JPG", "https://media.sobeys.com/original/838249_EA_ml_na_left_na_052423_VOILA_754a0895fa084e0947b59bae7e5b3af92366d81b.JPG", "https://media.sobeys.com/screen/838249_EA_ml_na_left_na_052423_VOILA-S_eae4fa1045f3cd30fa3891856f94481af117ecd3.JPG", "https://media.sobeys.com/thumb/838249_EA_ml_na_left_na_052423_VOILA-S-T_3a26ccd4f2da1ca8ff3253d64b54a9b17baf24fe.JPG"], "gtin": "883084100701", "pageSlug": "spring-creek-quail-farms-farms-fresh-quail-eggs-value-size-18-count", "productOfCanada": false, "upc": "883084100701", "weight": "0.16 KG", "seasonedRequired": false, "activePromotion": false, "scaleLabelFixedWeightUOM": "", "isVisible": true, "storeId": "6766", "itemAmountValue": "18", "allergens": {"alcohol": false, "nutFree": false, "peanutFree": false, "mustardFree": false, "glutenFree": false, "vegan": false, "kosher": false, "shellfishFree": false, "oatFree": false, "sulphitesFree": false, "eggFree": false, "sesameFree": false, "lactoseFree": false, "vegetarian": false, "milkFree": false, "halal": false, "tobacco": false, "wheatFree": false, "soyaFree": false, "organic": false}, "moistureContentPercentageConcat": "", "monounsaturatedPublishNutritional": "", "name": "Spring Creek Quail Farms Farms Fresh Quail Eggs Value Size 18 Count", "linkeditem": false, "durableLifeCustomerShelfLife": "", "isMassOffers": false, "countryOfOrigin": "", "inventoryLevel": 0, "scaleLabelFixedWeight": "", "objectID": "838249_EA_6766", "_highlightResult": {"description": {"value": "", "matchLevel": "none", "matchedWords": []}, "articleNumber": {"value": "838249", "matchLevel": "none", "matchedWords": []}, "nutritionalInformation": {"ingredients": [{"value": "Contains <em>Eggs</em>", "matchLevel": "full", "fullyHighlighted": false, "matchedWords": ["eggs"]}]}, "categories": [{"value": "Dairy & <em>Eggs</em>", "matchLevel": "full", "fullyHighlighted": false, "matchedWords": ["eggs"]}, {"value": "<em>Eggs</em>", "matchLevel": "full", "fullyHighlighted": true, "matchedWords": ["eggs"]}, {"value": "Local", "matchLevel": "none", "matchedWords": []}, {"value": "Local Central Canada", "matchLevel": "none", "matchedWords": []}, {"value": "Whole <em>Eggs</em>", "matchLevel": "full", "fullyHighlighted": false, "matchedWords": ["eggs"]}], "brand": {"value": "Spring Creek Quail Farms", "matchLevel": "none", "matchedWords": []}, "upc": {"value": "883084100701", "matchLevel": "none", "matchedWords": []}, "name": {"value": "Spring Creek Quail Farms Farms Fresh Quail <em>Eggs</em> Value Size 18 Count", "matchLevel": "full", "fullyHighlighted": false, "matchedWords": ["eggs"]}, "countryOfOrigin": {"value": "", "matchLevel": "none", "matchedWords": []}}}}
