{"store": "No Frills", "site_slug": "nofrills", "source_url": "/search?search-bar=milk&page=1", "scrape_ts": "2025-12-20T23:00:11.308018Z", "external_id": "20188873_EA", "name": "2% Milk", "brand": "Neilson", "size_text": "4 l, $0.16/100ml", "price": 6.25, "currency": "CAD", "unit_price": 0.16, "unit_price_uom": "100ml", "image_url": "https://digital.loblaws.ca/PCX/20188873_EA/en/1/20188873_en_front_800.png", "category_path": null, "availability": "in_stock", "raw_source": {"type": "next-data", "data": {"index": 1, "promotions": [], "productId": "20188873_EA", "productImage": [{"imageUrl": "https://digital.loblaws.ca/PCX/20188873_EA/en/1/20188873_en_front_1200.png", "thumbnailUrl": "https://digital.loblaws.ca/PCX/20188873_EA/en/1/20188873_en_front_120.png", "smallUrl": "https://digital.loblaws.ca/PCX/20188873_EA/en/1/20188873_en_front_250.png", "mediumUrl": "https://digital.loblaws.ca/PCX/20188873_EA/en/1/20188873_en_front_400.png", "largeUrl": "https://digital.loblaws.ca/PCX/20188873_EA/en/1/20188873_en_front_800.png", "extraLargeUrl": "https://digital.loblaws.ca/PCX/20188873_EA/en/1/20188873_en_front_1200.png", "smallRetinaUrl": "https://digital.loblaws.ca/PCX/20188873_EA/en/1/20188873_en_front_250.png", "mediumRetinaUrl": "https://digital.loblaws.ca/PCX/20188873_EA/en/1/20188873_en_front_400.png", "largeRetinaUrl": "https://digital.loblaws.ca/PCX/20188873_EA/en/1/20188873_en_front_800.png"}], "brand": "Neilson", "title": "2% Milk", "description": "Fresh, wholesome milk… naturally from Neilson.Since 1893, Neilson has stood for high quality dairy products. Neilson has always been committed to using the best ingredients, people and processes to produce great tasting quality milk you can depend on. Always fresh, always delicious and always an excellent source of calcium, protein and vitamin D.", "packageSizing": "4 l, $0.16/100ml", "pricing": {"price": "6.25", "wasPrice": null, "displayPrice": "$6.25", "memberOnlyPrice": null, "mopDisplayPrice": null, "ehfTotal": null, "environmentalHandlingFee": null, "taxInfo": ""}, "pricingUnits": {"type": "SOLD_BY_EACH", "unit": "ea", "interval": 1, "minOrderQuantity": 1, "maxOrderQuantity": 24, "weighted": false}, "deal": null, "mopDeal": null, "pcoDeal": null, "inventoryIndicator": null, "offerType": "OG", "offerId": "OG", "action": null, "isVariant": false, "link": "/en/2-milk/p/20188873_EA", "productVendor": null, "productVariant": null, "textBadge": "", "variantTheme": null, "articleNumber": "20188873", "uom": "EA", "sponsoredCreative": null, "isSponsored": false, "isComplementarySponsored": false, "complementarySponsoredBadgeText": null, "productBadge": {"badgeId": "PREPARED_IN_CANADA", "badgeClass": "badge11", "text": "Prepared in Canada", "icon": {"url": "https://dis-prod.assetful.loblaw.ca/content/dam/loblaw-companies-limited/creative-assets/pc-optimum/global-list/maple-leaf-red.png", "altText": "", "placement": "LEFT"}}}}}
{"store": "No Frills", "site_slug": "nofrills", "source_url": "/search?search-bar=milk&page=1", "scrape_ts": "2025-12-20T23:00:11.308018Z", "external_id": "20148677_EA", "name": "2% Microfiltered Milk", "brand": "Neilson", "size_text": "4 l, $0.15/100ml", "price": 5.99, "currency": "CAD", "unit_price": 0.15, "unit_price_uom": "100ml", "image_url": "https://digital.loblaws.ca/PCX/20148677_EA/en/1/20148677_en_front_v1_800.png", "category_path": null, "availability": "in_stock", "raw_source": {"type": "next-data", "data": {"index": 2, "promotions": [], "productId": "20148677_EA", "productImage": [{"imageUrl": "https://digital.loblaws.ca/PCX/20148677_EA/en/1/20148677_en_front_v1_1200.png", "thumbnailUrl": "https://digital.loblaws.ca/PCX/20148677_EA/en/1/20148677_en_front_v1_120.png", "smallUrl": "https://digital.loblaws.ca/PCX/20148677_EA/en/1/20148677_en_front_v1_250.png", "mediumUrl": "https://digital.loblaws.ca/PCX/20148677_EA/en/1/20148677_en_front_v1_400.png", "largeUrl": "https://digital.loblaws.ca/PCX/20148677_EA/en/1/20148677_en_front_v1_800.png", "extraLargeUrl": "https://digital.loblaws.ca/PCX/20148677_EA/en/1/20148677_en_front_v1_1200.png", "smallRetinaUrl": "https://digital.loblaws.ca/PCX/20148677_EA/en/1/20148677_en_front_v1_250.png", "mediumRetinaUrl": "https://digital.loblaws.ca/PCX/20148677_EA/en/1/20148677_en_front_v1_400.png", "largeRetinaUrl": "https://digital.loblaws.ca/PCX/20148677_EA/en/1/20148677_en_front_v1_800.png"}], "brand": "Neilson", "title": "2% Microfiltered Milk", "description": "Fresh, wholesome milk… naturally from Neilson.Since 1893, Neilson has stood for high quality dairy products. Neilson has always been committed to using the best ingredients, people and processes to produce great tasting quality milk you can depend on. Always fresh, always delicious and always an excellent source of calcium, protein and vitamin D.", "packageSizing": "4 l, $0.15/100ml", "pricing": {"price": "5.99", "wasPrice": null, "displayPrice": "$5.99", "memberOnlyPrice": null, "mopDisplayPrice": null, "ehfTotal": null, "environmentalHandlingFee": null, "taxInfo": ""}, "pricingUnits": {"type": "SOLD_BY_EACH", "unit": "ea", "interval": 1, "minOrderQuantity": 1, "maxOrderQuantity": 24, "weighted": false}, "deal": null, "mopDeal": null, "pcoDeal": null, "inventoryIndicator": null, "offerType": "OG", "offerId": "OG", "action": null, "isVariant": false, "link": "/en/2-microfiltered-milk/p/20148677_EA", "productVendor": null, "productVariant": null, "textBadge": "", "variantTheme": null, "articleNumber": "20148677", "uom": "EA", "sponsoredCreative": null, "isSponsored": false, "isComplementarySponsored": false, "complementarySponsoredBadgeText": null, "productBadge": {"badgeId": "PREPARED_IN_CANADA", "badgeClass": "badge11", "text": "Prepared in Canada", "icon": {"url": "https://dis-prod.assetful.loblaw.ca/content/dam/loblaw-companies-limited/creative-assets/pc-optimum/global-list/maple-leaf-red.png", "altText": "", "placement": "LEFT"}}}}}
{"store": "No Frills", "site_slug": "nofrills", "source_url": "/search?search-bar=milk&page=1", "scrape_ts": "2025-12-20T23:00:11.308018Z", "external_id": "20047439_EA", "name": "1% Milk", "brand": "Neilson", "size_text": "4 l, $0.16/100ml", "price": 6.25, "currency": "CAD", "unit_price": 0.16, "unit_price_uom": "100ml", "image_url": "https://digital.loblaws.ca/PCX/20047439_EA/en/1/20047439_en_front_800.png", "category_path": null, "availability": "in_stock", "raw_source": {"type": "next-data", "data": {"index": 3, "promotions": [], "productId": "20047439_EA", "productImage": [{"imageUrl": "https://digital.loblaws.ca/PCX/20047439_EA/en/1/20047439_en_front_1200.png", "thumbnailUrl": "https://digital.loblaws.ca/PCX/20047439_EA/en/1/20047439_en_front_120.png", "smallUrl": "https://digital.loblaws.ca/PCX/20047439_EA/en/1/20047439_en_front_250.png", "mediumUrl": "https://digital.loblaws.ca/PCX/20047439_EA/en/1/20047439_en_front_400.png", "largeUrl": "https://digital.loblaws.ca/PCX/20047439_EA/en/1/20047439_en_front_800.png", "extraLargeUrl": "https://digital.loblaws.ca/PCX/20047439_EA/en/1/20047439_en_front_1200.png", "smallRetinaUrl": "https://digital.loblaws.ca/PCX/20047439_EA/en/1/20047439_en_front_250.png", "mediumRetinaUrl": "https://digital.loblaws.ca/PCX/20047439_EA/en/1/20047439_en_front_400.png", "largeRetinaUrl": "https://digital.loblaws.ca/PCX/20047439_EA/en/1/20047439_en_front_800.png"}], "brand": "Neilson", "title": "1% Milk", "description": "Fresh, wholesome milk… naturally from Neilson.Since 1893, Neilson has stood for high quality dairy products. Neilson has always been committed to using the best ingredients, people and processes to produce great tasting quality milk you can depend on. Always fresh, always delicious and always an excellent source of calcium, protein and vitamin D.", "packageSizing": "4 l, $0.16/100ml", "pricing": {"price": "6.25", "wasPrice": null, "displayPrice": "$6.25", "memberOnlyPrice": null, "mopDisplayPrice": null, "ehfTotal": null, "environmentalHandlingFee": null, "taxInfo": ""}, "pricingUnits": {"type": "SOLD_BY_EACH", "unit": "ea", "interval": 1, "minOrderQuantity": 1, "maxOrderQuantity": 24, "weighted": false}, "deal": null, "mopDeal": null, "pcoDeal": null, "inventoryIndicator": null, "offerType": "OG", "offerId": "OG", "action": null, "isVariant": false, "link": "/en/1-milk/p/20047439_EA", "productVendor": null, "productVariant": null, "textBadge": "", "variantTheme": null, "articleNumber": "20047439", "uom": "EA", "sponsoredCreative": null, "isSponsored": false, "isComplementarySponsored": false, "complementarySponsoredBadgeText": null, "productBadge": {"badgeId": "PREPARED_IN_CANADA", "badgeClass": "badge11", "text": "Prepared in Canada", "icon": {"url": "https://dis-prod.assetful.loblaw.ca/content/dam/loblaw-companies-limited/creative-assets/pc-optimum/global-list/maple-leaf-red.png", "altText": "", "placement": "LEFT"}}}}}
{"store": "No Frills", "site_slug": "nofrills", "source_url": "/search?search-bar=milk&page=1", "scrape_ts": "2025-12-20T23:00:11.308018Z", "external_id": "20160571_EA", "name": "3.25% Homogenized Milk", "brand": "Neilson", "size_text": "4 l, $0.18/100ml", "price": 7.25, "currency": "CAD", "unit_price": 0.18, "unit_price_uom": "100ml", "image_url": "https://digital.loblaws.ca/PCX/20160571_EA/en/1/20160571_en_front_800.png", "category_path": null, "availability": "in_stock", "raw_source": {"type": "next-data", "data": {"index": 4, "promotions": [], "productId": "20160571_EA", "productImage": [{"imageUrl": "https://digital.loblaws.ca/PCX/20160571_EA/en/1/20160571_en_front_1200.png", "thumbnailUrl": "https://digital.loblaws.ca/PCX/20160571_EA/en/1/20160571_en_front_120.png", "smallUrl": "https://digital.loblaws.ca/PCX/20160571_EA/en/1/20160571_en_front_250.png", "mediumUrl": "https://digital.loblaws.ca/PCX/20160571_EA/en/1/20160571_en_front_400.png", "largeUrl": "https://digital.loblaws.ca/PCX/20160571_EA/en/1/20160571_en_front_800.png", "extraLargeUrl": "https://digital.loblaws.ca/PCX/20160571_EA/en/1/20160571_en_front_1200.png", "smallRetinaUrl": "https://digital.loblaws.ca/PCX/20160571_EA/en/1/20160571_en_front_250.png", "mediumRetinaUrl": "https://digital.loblaws.ca/PCX/20160571_EA/en/1/20160571_en_front_400.png", "largeRetinaUrl": "https://digital.loblaws.ca/PCX/20160571_EA/en/1/20160571_en_front_800.png"}], "brand": "Neilson", "title": "3.25% Homogenized Milk", "description": "Fresh, wholesome milk… naturally from Neilson.Since 1893, Neilson has stood for high quality dairy products. Neilson has always been committed to using the best ingredients, people and processes to produce great tasting quality milk you can depend on. Always fresh, always delicious and always an excellent source of calcium, protein and vitamin D.", "packageSizing": "4 l, $0.18/100ml", "pricing": {"price": "7.25", "wasPrice": null, "displayPrice": "$7.25", "memberOnlyPrice": null, "mopDisplayPrice": null, "ehfTotal": null, "environmentalHandlingFee": null, "taxInfo": ""}, "pricingUnits": {"type": "SOLD_BY_EACH", "unit": "ea", "interval": 1, "minOrderQuantity": 1, "maxOrderQuantity": 24, "weighted": false}, "deal": null, "mopDeal": null, "pcoDeal": null, "inventoryIndicator": null, "offerType": "OG", "offerId": "OG", "action": null, "isVariant": false, "link": "/en/3-25-homogenized-milk/p/20160571_EA", "productVendor": null, "productVariant": null, "textBadge": "", "variantTheme": null, "articleNumber": "20160571", "uom": "EA", "sponsoredCreative": null, "isSponsored": false, "isComplementarySponsored": false, "complementarySponsoredBadgeText": null, "productBadge": {"badgeId": "PREPARED_IN_CANADA", "badgeClass": "badge11", "text": "Prepared in Canada", "icon": {"url": "https://dis-prod.assetful.loblaw.ca/content/dam/loblaw-companies-limited/creative-assets/pc-optimum/global-list/maple-leaf-red.png", "altText": "", "placement": "LEFT"}}}}}
{"store": "No Frills", "site_slug": "nofrills", "source_url": "/search?search-bar=milk&page=1", "scrape_ts": "2025-12-20T23:00:11.308018Z", "external_id": "20130270_EA", "name": "2% Microfiltered Milk", "brand": "Neilson", "size_text": "2 l, $0.28/100ml", "price": 5.69, "currency": "CAD", "unit_price": 0.28, "unit_price_uom": "100ml", "image_url": "https://digital.loblaws.ca/PCX/20130270_EA/en/1/20130270_en_front_800.png", "category_path": null, "availability": "in_stock", "raw_source": {"type": "next-data", "data": {"index": 5, "promotions": [], "productId": "20130270_EA", "productImage": [{"imageUrl": "https://digital.loblaws.ca/PCX/20130270_EA/en/1/20130270_en_front_1200.png", "thumbnailUrl": "https://digital.loblaws.ca/PCX/20130270_EA/en/1/20130270_en_front_120.png", "smallUrl": "https://digital.loblaws.ca/PCX/20130270_EA/en/1/20130270_en_front_250.png", "mediumUrl": "https://digital.loblaws.ca/PCX/20130270_EA/en/1/20130270_en_front_400.png", "largeUrl": "https://digital.loblaws.ca/PCX/20130270_EA/en/1/20130270_en_front_800.png", "extraLargeUrl": "https://digital.loblaws.ca/PCX/20130270_EA/en/1/20130270_en_front_1200.png", "smallRetinaUrl": "https://digital.loblaws.ca/PCX/20130270_EA/en/1/20130270_en_front_250.png", "mediumRetinaUrl": "https://digital.loblaws.ca/PCX/20130270_EA/en/1/20130270_en_front_400.png", "largeRetinaUrl": "https://digital.loblaws.ca/PCX/20130270_EA/en/1/20130270_en_front_800.png"}], "brand": "Neilson", "title": "2% Microfiltered Milk", "description": "Fresh, wholesome milk… naturally from Neilson.Since 1893, Neilson has stood for high quality dairy products. Neilson has always been committed to using the best ingredients, people and processes to produce great tasting quality milk you can depend on. Always fresh, always delicious and always an excellent source of calcium, protein and vitamin D.", "packageSizing": "2 l, $0.28/100ml", "pricing": {"price": "5.69", "wasPrice": null, "displayPrice": "$5.69", "memberOnlyPrice": null, "mopDisplayPrice": null, "ehfTotal": null, "environmentalHandlingFee": null, "taxInfo": ""}, "pricingUnits": {"type": "SOLD_BY_EACH", "unit": "ea", "interval": 1, "minOrderQuantity": 1, "maxOrderQuantity": 24, "weighted": false}, "deal": null, "mopDeal": null, "pcoDeal": null, "inventoryIndicator": null, "offerType": "OG", "offerId": "OG", "action": null, "isVariant": false, "link": "/en/2-microfiltered-milk/p/20130270_EA", "productVendor": null, "productVariant": null, "textBadge": "", "variantTheme": null, "articleNumber": "20130270", "uom": "EA", "sponsoredCreative": null, "isSponsored": false, "isComplementarySponsored": false, "complementarySponsoredBadgeText": null, "productBadge": {"badgeId": "PREPARED_IN_CANADA", "badgeClass": "badge11", "text": "Prepared in Canada", "icon": {"url": "https://dis-prod.assetful.loblaw.ca/content/dam/loblaw-companies-limited/creative-assets/pc-optimum/global-list/maple-leaf-red.png", "altText": "", "placement": "LEFT"}}}}}
{"store": "No Frills", "site_slug": "nofrills", "source_url": "/search?search-bar=milk&page=1", "scrape_ts": "2025-12-20T23:00:11.308018Z", "external_id": "20136554_EA", "name": "1% Microfiltered Milk", "brand": "Neilson", "size_text": "4 l, $0.15/100ml", "price": 5.99, "currency": "CAD", "unit_price": 0.15, "unit_price_uom": "100ml", "image_url": "https://digital.loblaws.ca/PCX/20136554_EA/en/1/20136554_en_front_v1_800.png", "category_path": null, "availability": "in_stock", "raw_source": {"type": "next-data", "data": {"index": 6, "promotions": [], "productId": "20136554_EA", "productImage": [{"imageUrl": "https://digital.loblaws.ca/PCX/20136554_EA/en/1/20136554_en_front_v1_1200.png", "thumbnailUrl": "https://digital.loblaws.ca/PCX/20136554_EA/en/1/20136554_en_front_v1_120.png", "smallUrl": "https://digital.loblaws.ca/PCX/20136554_EA/en/1/20136554_en_front_v1_250.png", "mediumUrl": "https://digital.loblaws.ca/PCX/20136554_EA/en/1/20136554_en_front_v1_400.png", "largeUrl": "https://digital.loblaws.ca/PCX/20136554_EA/en/1/20136554_en_front_v1_800.png", "extraLargeUrl": "https://digital.loblaws.ca/PCX/20136554_EA/en/1/20136554_en_front_v1_1200.png", "smallRetinaUrl": "https://digital.loblaws.ca/PCX/20136554_EA/en/1/20136554_en_front_v1_250.png", "mediumRetinaUrl": "https://digital.loblaws.ca/PCX/20136554_EA/en/1/20136554_en_front_v1_400.png", "largeRetinaUrl": "https://digital.loblaws.ca/PCX/20136554_EA/en/1/20136554_en_front_v1_800.png"}], "brand": "Neilson", "title": "1% Microfiltered Milk", "description": "Fresh, wholesome milk… naturally from Neilson.Since 1893, Neilson has stood for high quality dairy products. Neilson has always been committed to using the best ingredients, people and processes to produce great tasting quality milk you can depend on. Always fresh, always delicious and always an excellent source of calcium, protein and vitamin D.", "packageSizing": "4 l, $0.15/100ml", "pricing": {"price": "5.99", "wasPrice": null, "displayPrice": "$5.99", "memberOnlyPrice": null, "mopDisplayPrice": null, "ehfTotal": null, "environmentalHandlingFee": null, "taxInfo": ""}, "pricingUnits": {"type": "SOLD_BY_EACH", "unit": "ea", "interval": 1, "minOrderQuantity": 1, "maxOrderQuantity": 24, "weighted": false}, "deal": null, "mopDeal": null, "pcoDeal": null, "inventoryIndicator": null, "offerType": "OG", "offerId": "OG", "action": null, "isVariant": false, "link": "/en/1-microfiltered-milk/p/20136554_EA", "productVendor": null, "productVariant": null, "textBadge": "", "variantTheme": null, "articleNumber": "20136554", "uom": "EA", "sponsoredCreative": null, "isSponsored": false, "isComplementarySponsored": false, "complementarySponsoredBadgeText": null, "productBadge": {"badgeId": "PREPARED_IN_CANADA", "badgeClass": "badge11", "text": "Prepared in Canada", "icon": {"url": "https://dis-prod.assetful.loblaw.ca/content/dam/loblaw-companies-limited/creative-assets/pc-optimum/global-list/maple-leaf-red.png", "altText": "", "placement": "LEFT"}}}}}
{"store": "No Frills", "site_slug": "nofrills", "source_url": "/search?search-bar=milk&page=1", "scrape_ts": "2025-12-20T23:00:11.308018Z", "external_id": "20149754_EA", "name": "2% Milk", "brand": "Neilson", "size_text": "1 l, $0.36/100ml", "price": 3.58, "currency": "CAD", "unit_price": 0.36, "unit_price_uom": "100ml", "image_url": "https://digital.loblaws.ca/PCX/20149754_EA/en/1/20149754_en_front_800.png", "category_path": null, "availability": "in_stock", "raw_source": {"type": "next-data", "data": {"index": 7, "promotions": [], "productId": "20149754_EA", "productImage": [{"imageUrl": "https://digital.loblaws.ca/PCX/20149754_EA/en/1/20149754_en_front_1200.png", "thumbnailUrl": "https://digital.loblaws.ca/PCX/20149754_EA/en/1/20149754_en_front_120.png", "smallUrl": "https://digital.loblaws.ca/PCX/20149754_EA/en/1/20149754_en_front_250.png", "mediumUrl": "https://digital.loblaws.ca/PCX/20149754_EA/en/1/20149754_en_front_400.png", "largeUrl": "https://digital.loblaws.ca/PCX/20149754_EA/en/1/20149754_en_front_800.png", "extraLargeUrl": "https://digital.loblaws.ca/PCX/20149754_EA/en/1/20149754_en_front_1200.png", "smallRetinaUrl": "https://digital.loblaws.ca/PCX/20149754_EA/en/1/20149754_en_front_250.png", "mediumRetinaUrl": "https://digital.loblaws.ca/PCX/20149754_EA/en/1/20149754_en_front_400.png", "largeRetinaUrl": "https://digital.loblaws.ca/PCX/20149754_EA/en/1/20149754_en_front_800.png"}], "brand": "Neilson", "title": "2% Milk", "description": "Fresh, wholesome milk… naturally from Neilson.Since 1893, Neilson has stood for high quality dairy products. Neilson has always been committed to using the best ingredients, people and processes to produce great tasting quality milk you can depend on. Always fresh, always delicious and always an excellent source of calcium, protein and vitamin D.", "packageSizing": "1 l, $0.36/100ml", "pricing": {"price": "3.58", "wasPrice": null, "displayPrice": "$3.58", "memberOnlyPrice": null, "mopDisplayPrice": null, "ehfTotal": null, "environmentalHandlingFee": null, "taxInfo": ""}, "pricingUnits": {"type": "SOLD_BY_EACH", "unit": "ea", "interval": 1, "minOrderQuantity": 1, "maxOrderQuantity": 24, "weighted": false}, "deal": null, "mopDeal": null, "pcoDeal": null, "inventoryIndicator": null, "offerType": "OG", "offerId": "OG", "action": null, "isVariant": false, "link": "/en/2-milk/p/20149754_EA", "productVendor": null, "productVariant": null, "textBadge": "", "variantTheme": null, "articleNumber": "20149754", "uom": "EA", "sponsoredCreative": null, "isSponsored": false, "isComplementarySponsored": false, "complementarySponsoredBadgeText": null, "productBadge": {"badgeId": "PREPARED_IN_CANADA", "badgeClass": "badge11", "text": "Prepared in Canada", "icon": {"url": "https://dis-prod.assetful.loblaw.ca/content/dam/loblaw-companies-limited/creative-assets/pc-optimum/global-list/maple-leaf-red.png", "altText": "", "placement": "LEFT"}}}}}
{"store": "No Frills", "site_slug": "nofrills", "source_url": "/search?search-bar=milk&page=1", "scrape_ts": "2025-12-20T23:00:11.308018Z", "external_id": "20017001_EA", "name": "2% Milk", "brand": "Neilson", "size_text": "2 l, $0.27/100ml", "price": 5.34, "currency": "CAD", "unit_price": 0.27, "unit_price_uom": "100ml", "image_url": "https://digital.loblaws.ca/PCX/20017001_EA/en/1/20017001_en_front_800.png", "category_path": null, "availability": "in_stock", "raw_source": {"type": "next-data", "data": {"index": 8, "promotions": [], "productId": "20017001_EA", "productImage": [{"imageUrl": "https://digital.loblaws.ca/PCX/20017001_EA/en/1/20017001_en_front_1200.png", "thumbnailUrl": "https://digital.loblaws.ca/PCX/20017001_EA/en/1/20017001_en_front_120.png", "smallUrl": "https://digital.loblaws.ca/PCX/20017001_EA/en/1/20017001_en_front_250.png", "mediumUrl": "https://digital.loblaws.ca/PCX/20017001_EA/en/1/20017001_en_front_400.png", "largeUrl": "https://digital.loblaws.ca/PCX/20017001_EA/en/1/20017001_en_front_800.png", "extraLargeUrl": "https://digital.loblaws.ca/PCX/20017001_EA/en/1/20017001_en_front_1200.png", "smallRetinaUrl": "https://digital.loblaws.ca/PCX/20017001_EA/en/1/20017001_en_front_250.png", "mediumRetinaUrl": "https://digital.loblaws.ca/PCX/20017001_EA/en/1/20017001_en_front_400.png", "largeRetinaUrl": "https://digital.loblaws.ca/PCX/20017001_EA/en/1/20017001_en_front_800.png"}], "brand": "Neilson", "title": "2% Milk", "description": "Fresh, wholesome milk… naturally from Neilson.Since 1893, Neilson has stood for high quality dairy products. Neilson has always been committed to using the best ingredients, people and processes to produce great tasting quality milk you can depend on. Always fresh, always delicious and always an excellent source of calcium, protein and vitamin D.", "packageSizing": "2 l, $0.27/100ml", "pricing": {"price": "5.34", "wasPrice": null, "displayPrice": "$5.34", "memberOnlyPrice": null, "mopDisplayPrice": null, "ehfTotal": null, "environmentalHandlingFee": null, "taxInfo": ""}, "pricingUnits": {"type": "SOLD_BY_EACH", "unit": "ea", "interval": 1, "minOrderQuantity": 1, "maxOrderQuantity": 24, "weighted": false}, "deal": null, "mopDeal": null, "pcoDeal": null, "inventoryIndicator": null, "offerType": "OG", "offerId": "OG", "action": null, "isVariant": false, "link": "/en/2-milk/p/20017001_EA", "productVendor": null, "productVariant": null, "textBadge": "", "variantTheme": null, "articleNumber": "20017001", "uom": "EA", "sponsoredCreative": null, "isSponsored": false, "isComplementarySponsored": false, "complementarySponsoredBadgeText": null, "productBadge": {"badgeId": "PREPARED_IN_CANADA", "badgeClass": "badge11", "text": "Prepared in Canada", "icon": {"url": "https://dis-prod.assetful.loblaw.ca/content/dam/loblaw-companies-limited/creative-assets/pc-optimum/global-list/maple-leaf-red.png", "altText": "", "placement": "LEFT"}}}}}
{"store": "No Frills", "site_slug": "nofrills", "source_url": "/search?search-bar=milk&page=1", "scrape_ts": "2025-12-20T23:00:11.308018Z", "external_id": "21424991_EA", "name": "PūrFiltre Milk 2% Partly Skimmed", "brand": "Lactantia", "size_text": "2 l, $0.29/100ml", "price": 5.8, "currency": "CAD", "unit_price": 0.29, "unit_price_uom": "100ml", "image_url": "https://digital.loblaws.ca/PCX/21424991_EA/en/1/21424991_enfr_front_v1_800.png", "category_path": null, "availability": "in_stock", "raw_source": {"type": "next-data", "data": {"index": 9, "promotions": [], "productId": "21424991_EA", "productImage": [{"imageUrl": "https://digital.loblaws.ca/PCX/21424991_EA/en/1/21424991_enfr_front_v1_1200.png", "thumbnailUrl": "https://digital.loblaws.ca/PCX/21424991_EA/en/1/21424991_enfr_front_v1_120.png", "smallUrl": "https://digital.loblaws.ca/PCX/21424991_EA/en/1/21424991_enfr_front_v1_250.png", "mediumUrl": "https://digital.loblaws.ca/PCX/21424991_EA/en/1/21424991_enfr_front_v1_400.png", "largeUrl": "https://digital.loblaws.ca/PCX/21424991_EA/en/1/21424991_enfr_front_v1_800.png", "extraLargeUrl": "https://digital.loblaws.ca/PCX/21424991_EA/en/1/21424991_enfr_front_v1_1200.png", "smallRetinaUrl": "https://digital.loblaws.ca/PCX/21424991_EA/en/1/21424991_enfr_front_v1_250.png", "mediumRetinaUrl": "https://digital.loblaws.ca/PCX/21424991_EA/en/1/21424991_enfr_front_v1_400.png", "largeRetinaUrl": "https://digital.loblaws.ca/PCX/21424991_EA/en/1/21424991_enfr_front_v1_800.png"}], "brand": "Lactantia", "title": "PūrFiltre Milk 2% Partly Skimmed", "description": null, "packageSizing": "2 l, $0.29/100ml", "pricing": {"price": "5.80", "wasPrice": null, "displayPrice": "$5.80", "memberOnlyPrice": null, "mopDisplayPrice": null, "ehfTotal": null, "environmentalHandlingFee": null, "taxInfo": ""}, "pricingUnits": {"type": "SOLD_BY_EACH", "unit": "ea", "interval": 1, "minOrderQuantity": 1, "maxOrderQuantity": 24, "weighted": false}, "deal": null, "mopDeal": null, "pcoDeal": null, "inventoryIndicator": null, "offerType": "OG", "offerId": "OG", "action": null, "isVariant": false, "link": "/en/p-rfiltre-milk-2-partly-skimmed/p/21424991_EA", "productVendor": null, "productVariant": null, "textBadge": "", "variantTheme": null, "articleNumber": "21424991", "uom": "EA", "sponsoredCreative": null, "isSponsored": false, "isComplementarySponsored": false, "complementarySponsoredBadgeText": null, "productBadge": {"badgeId": "PREPARED_IN_CANADA", "badgeClass": "badge11", "text": "Prepared in Canada", "icon": {"url": "https://dis-prod.assetful.loblaw.ca/content/dam/loblaw-companies-limited/creative-assets/pc-optimum/global-list/maple-leaf-red.png", "altText": "", "placement": "LEFT"}}}}}
{"store": "No Frills", "site_slug": "nofrills", "source_url": "/search?search-bar=milk&page=1", "scrape_ts": "2025-12-20T23:00:11.308018Z", "external_id": "21128369_EA", "name": "Milk 2% M.F", "brand": "Fairlife", "size_text": "1.5 l, $0.50/100ml", "price": 7.49, "currency": "CAD", "unit_price": 0.5, "unit_price_uom": "100ml", "image_url": "https://digital.loblaws.ca/PCX/21128369_EA/en/1/21128369_en_front_v3_800.png", "category_path": null, "availability": "in_stock", "raw_source": {"type": "next-data", "data": {"index": 10, "promotions": [], "productId": "21128369_EA", "productImage": [{"imageUrl": "https://digital.loblaws.ca/PCX/21128369_EA/en/1/21128369_en_front_v3_1200.png", "thumbnailUrl": "https://digital.loblaws.ca/PCX/21128369_EA/en/1/21128369_en_front_v3_120.png", "smallUrl": "https://digital.loblaws.ca/PCX/21128369_EA/en/1/21128369_en_front_v3_250.png", "mediumUrl": "https://digital.loblaws.ca/PCX/21128369_EA/en/1/21128369_en_front_v3_400.png", "largeUrl": "https://digital.loblaws.ca/PCX/21128369_EA/en/1/21128369_en_front_v3_800.png", "extraLargeUrl": "https://digital.loblaws.ca/PCX/21128369_EA/en/1/21128369_en_front_v3_1200.png", "smallRetinaUrl": "https://digital.loblaws.ca/PCX/21128369_EA/en/1/21128369_en_front_v3_250.png", "mediumRetinaUrl": "https://digital.loblaws.ca/PCX/21128369_EA/en/1/21128369_en_front_v3_400.png", "largeRetinaUrl": "https://digital.loblaws.ca/PCX/21128369_EA/en/1/21128369_en_front_v3_800.png"}], "brand": "Fairlife", "title": "Milk 2% M.F", "description": "<p>We are driven by a simple belief: we can always make the world better. Proper nourishment allows us all to grow and thrive. All our milk flows through soft filters to concentrate protein while filtering out half of the natural sugars. Our delicious fairlife ultra-filtered milk has 50% less sugar and 50% more protein than regular chocolate milk. Plus, there are no artificial growth hormones used and it's lactose-free. So sip, drink, and chug as you enjoy our delicious ultra-filtered milk, eh?</p><ul><li>Made with 100% quality Canadian milk</li><li>50% less sugar and 50% more protein than regular chocolate milk</li><li>Delicious, satisfying, and lactose-free</li><li>No artificial growth hormones used</li></ul>", "packageSizing": "1.5 l, $0.50/100ml", "pricing": {"price": "7.49", "wasPrice": null, "displayPrice": "$7.49", "memberOnlyPrice": null, "mopDisplayPrice": null, "ehfTotal": null, "environmentalHandlingFee": null, "taxInfo": ""}, "pricingUnits": {"type": "SOLD_BY_EACH", "unit": "ea", "interval": 1, "minOrderQuantity": 1, "maxOrderQuantity": 24, "weighted": false}, "deal": null, "mopDeal": null, "pcoDeal": null, "inventoryIndicator": null, "offerType": "OG", "offerId": "OG", "action": null, "isVariant": false, "link": "/en/milk-2-m-f/p/21128369_EA", "productVendor": null, "productVariant": null, "textBadge": "", "variantTheme": null, "articleNumber": "21128369", "uom": "EA", "sponsoredCreative": null, "isSponsored": false, "isComplementarySponsored": false, "complementarySponsoredBadgeText": null, "productBadge": {"badgeId": "PREPARED_IN_CANADA", "badgeClass": "badge11", "text": "Prepared in Canada", "icon": {"url": "https://dis-prod.assetful.loblaw.ca/content/dam/loblaw-companies-limited/creative-assets/pc-optimum/global-list/maple-leaf-red.png", "altText": "", "placement": "LEFT"}}}}}
{"store": "No Frills", "site_slug": "nofrills", "source_url": "/search?search-bar=milk&page=1", "scrape_ts": "2025-12-20T23:00:11.308018Z", "external_id": "20077874001_EA", "name": "Lactose Free 2% Dairy Product", "brand": "Natrel", "size_text": "2 l, $0.30/100ml", "price": 6.0, "currency": "CAD", "unit_price": 0.3, "unit_price_uom": "100ml", "image_url": "https://digital.loblaws.ca/PCX/20077874001_EA/en/1/20077874001_en_front_800.png", "category_path": null, "availability": "in_stock", "raw_source": {"type": "next-data", "data": {"index": 11, "promotions": [], "productId": "20077874001_EA", "productImage": [{"imageUrl": "https://digital.loblaws.ca/PCX/20077874001_EA/en/1/20077874001_en_front_1200.png", "thumbnailUrl": "https://digital.loblaws.ca/PCX/20077874001_EA/en/1/20077874001_en_front_120.png", "smallUrl": "https://digital.loblaws.ca/PCX/20077874001_EA/en/1/20077874001_en_front_250.png", "mediumUrl": "https://digital.loblaws.ca/PCX/20077874001_EA/en/1/20077874001_en_front_400.png", "largeUrl": "https://digital.loblaws.ca/PCX/20077874001_EA/en/1/20077874001_en_front_800.png", "extraLargeUrl": "https://digital.loblaws.ca/PCX/20077874001_EA/en/1/20077874001_en_front_1200.png", "smallRetinaUrl": "https://digital.loblaws.ca/PCX/20077874001_EA/en/1/20077874001_en_front_250.png", "mediumRetinaUrl": "https://digital.loblaws.ca/PCX/20077874001_EA/en/1/20077874001_en_front_400.png", "largeRetinaUrl": "https://digital.loblaws.ca/PCX/20077874001_EA/en/1/20077874001_en_front_800.png"}], "brand": "Natrel", "title": "Lactose Free 2% Dairy Product", "description": "Through our unique process, we can preserve the deliciously pure taste of fresh milk in every glass of our products, while removing the lactose that can cause you discomfort. So you can once again benefit from an excellent source of calcium, vitamin D and protein, plus a source of vitamin A. That’s everything you need to maintain a well-balanced diet.", "packageSizing": "2 l, $0.30/100ml", "pricing": {"price": "6.00", "wasPrice": "$6.74", "displayPrice": "$6.00", "memberOnlyPrice": null, "mopDisplayPrice": null, "ehfTotal": null, "environmentalHandlingFee": null, "taxInfo": ""}, "pricingUnits": {"type": "SOLD_BY_EACH", "unit": "ea", "interval": 1, "minOrderQuantity": 1, "maxOrderQuantity": 24, "weighted": false}, "deal": {"type": "SALE", "text": "SAVE $0.74", "points": 0, "name": "SALE", "expiryDate": "2025-12-24T00:00:00Z", "dealPrice": null}, "mopDeal": null, "pcoDeal": null, "inventoryIndicator": null, "offerType": "OG", "offerId": "OG", "action": null, "isVariant": false, "link": "/en/lactose-free-2-dairy-product/p/20077874001_EA", "productVendor": null, "productVariant": null, "textBadge": "", "variantTheme": null, "articleNumber": "20077874001", "uom": "EA", "sponsoredCreative": null, "isSponsored": false, "isComplementarySponsored": false, "complementarySponsoredBadgeText": null, "productBadge": {"badgeId": "PREPARED_IN_CANADA", "badgeClass": "badge11", "text": "Prepared in Canada", "icon": {"url": "https://dis-prod.assetful.loblaw.ca/content/dam/loblaw-companies-limited/creative-assets/pc-optimum/global-list/maple-leaf-red.png", "altText": "", "placement": "LEFT"}}}}}
{"store": "No Frills", "site_slug": "nofrills", "source_url": "/search?search-bar=milk&page=1", "scrape_ts": "2025-12-20T23:00:11.308018Z", "external_id": "21190266_EA", "name": "Peaches & Cream Flavour Instant Oatmeal", "brand": "Quaker", "size_text": "264 g, $1.44/100g", "price": 3.79, "currency": "CAD", "unit_price": 1.44, "unit_price_uom": "100g", "image_url": "https://digital.loblaws.ca/PCX/21190266_EA/en/1/21190266_en_front_800.png", "category_path": null, "availability": "in_stock", "raw_source": {"type": "next-data", "data": {"index": 12, "promotions": [], "productId": "21190266_EA", "productImage": [{"imageUrl": "https://digital.loblaws.ca/PCX/21190266_EA/en/1/21190266_en_front_1200.png", "thumbnailUrl": "https://digital.loblaws.ca/PCX/21190266_EA/en/1/21190266_en_front_120.png", "smallUrl": "https://digital.loblaws.ca/PCX/21190266_EA/en/1/21190266_en_front_250.png", "mediumUrl": "https://digital.loblaws.ca/PCX/21190266_EA/en/1/21190266_en_front_400.png", "largeUrl": "https://digital.loblaws.ca/PCX/21190266_EA/en/1/21190266_en_front_800.png", "extraLargeUrl": "https://digital.loblaws.ca/PCX/21190266_EA/en/1/21190266_en_front_1200.png", "smallRetinaUrl": "https://digital.loblaws.ca/PCX/21190266_EA/en/1/21190266_en_front_250.png", "mediumRetinaUrl": "https://digital.loblaws.ca/PCX/21190266_EA/en/1/21190266_en_front_400.png", "largeRetinaUrl": "https://digital.loblaws.ca/PCX/21190266_EA/en/1/21190266_en_front_800.png"}], "brand": "Quaker", "title": "Peaches & Cream Flavour Instant Oatmeal", "description": "Let Quaker transport you to warm summer orchards and bright sunny days. Bursting with the sweet taste of ripe peaches and fresh cream, Quaker Peaches & Cream Flavour Instant Oatmeal is a delicious start to the morning. Made with 100% whole grain Canadian Oats, this is a part of breakfast time you can feel good about. It cooks in 1 – 2 minutes!<p>Plus, one packet (33 g) of Quaker Peaches & Cream Flavour Instant Oatmeal supplies 30% of the daily amount of the fibres shown to help reduce cholesterol and is a source of iron. </p><p>There’s nothing like waking up to a warm and nourishing bowl of Quaker Instant Oatmeal — made with whole grain Canadian oats. </p><p>We love to mix things up, and there are tons of great flavours to explore. Whether you’re into the classic taste of Maple & Brown Sugar Flavour, Apples & Cinnamon, or prefer other flavours, there’s a Quaker Instant Oatmeal recipe for everyone in the family. </p><p>Always on the go? Try out our Quaker Instant Oatmeal Cups.</p><ul><li>MADE WITH CANADIAN OATS — Quaker Instant Oatmeal is proudly made with whole grain oats, so you can feel good about every last bite!</li><li>AMAZING FLAVOURS – There’s a Quaker Instant Oatmeal recipe for everyone in the family. We love to mix things up, and there are tons of great flavours to explore.</li></ul>", "packageSizing": "264 g, $1.44/100g", "pricing": {"price": "3.79", "wasPrice": null, "displayPrice": "$3.79", "memberOnlyPrice": null, "mopDisplayPrice": null, "ehfTotal": null, "environmentalHandlingFee": null, "taxInfo": ""}, "pricingUnits": {"type": "SOLD_BY_EACH", "unit": "ea", "interval": 1, "minOrderQuantity": 1, "maxOrderQuantity": 24, "weighted": false}, "deal": null, "mopDeal": null, "pcoDeal": null, "inventoryIndicator": null, "offerType": "OG", "offerId": "OG", "action": null, "isVariant": false, "link": "/en/peaches-cream-flavour-instant-oatmeal/p/21190266_EA", "productVendor": null, "productVariant": null, "textBadge": "", "variantTheme": null, "articleNumber": "21190266", "uom": "EA", "sponsoredCreative": {"adGroupId": "701e2a92-ea00-4cfd-99e8-8c7610d17ab7", "campaignId": "6fa70f53-b9d4-44e5-800e-d4e56f71ddf9", "placementId": "b299dc57-28db-4e38-a351-2f94e45a78c7", "encryptedCost": "YayQY4kJYCkl0MVwZDviZ+gKTLUkxj70RqVy1bqyPXg=", "creativeId": "1a5c140b-d649-4e6b-9c87-2068e2862210", "servingId": "577c38ff-1198-4918-b53c-95aa0fd013c6", "keyword": "milk", "targetedKeyword": "milk", "matchType": "EXACT_MATCH", "targetPageType": "SRP"}, "isSponsored": true, "isComplementarySponsored": true, "complementarySponsoredBadgeText": "You might like", "productBadge": {"badgeId": "SPONSORED", "badgeClass": null, "text": "Sponsored", "icon": null}}}}
{"store": "No Frills", "site_slug": "nofrills", "source_url": "/search?search-bar=milk&page=1", "scrape_ts": "2025-12-20T23:00:11.308018Z", "external_id": "20185616_EA", "name": "1% Milk", "brand": "Neilson", "size_text": "1 l, $0.36/100ml", "price": 3.58, "currency": "CAD", "unit_price": 0.36, "unit_price_uom": "100ml", "image_url": "https://digital.loblaws.ca/PCX/20185616_EA/en/1/20185616_en_front_v1_800.png", "category_path": null, "availability": "in_stock", "raw_source": {"type": "next-data", "data": {"index": 13, "promotions": [], "productId": "20185616_EA", "productImage": [{"imageUrl": "https://digital.loblaws.ca/PCX/20185616_EA/en/1/20185616_en_front_v1_1200.png", "thumbnailUrl": "https://digital.loblaws.ca/PCX/20185616_EA/en/1/20185616_en_front_v1_120.png", "smallUrl": "https://digital.loblaws.ca/PCX/20185616_EA/en/1/20185616_en_front_v1_250.png", "mediumUrl": "https://digital.loblaws.ca/PCX/20185616_EA/en/1/20185616_en_front_v1_400.png", "largeUrl": "https://digital.loblaws.ca/PCX/20185616_EA/en/1/20185616_en_front_v1_800.png", "extraLargeUrl": "https://digital.loblaws.ca/PCX/20185616_EA/en/1/20185616_en_front_v1_1200.png", "smallRetinaUrl": "https://digital.loblaws.ca/PCX/20185616_EA/en/1/20185616_en_front_v1_250.png", "mediumRetinaUrl": "https://digital.loblaws.ca/PCX/20185616_EA/en/1/20185616_en_front_v1_400.png", "largeRetinaUrl": "https://digital.loblaws.ca/PCX/20185616_EA/en/1/20185616_en_front_v1_800.png"}], "brand": "Neilson", "title": "1% Milk", "description": "Fresh, wholesome milk… naturally from Neilson.Since 1893, Neilson has stood for high quality dairy products. Neilson has always been committed to using the best ingredients, people and processes to produce great tasting quality milk you can depend on. Always fresh, always delicious and always an excellent source of calcium, protein and vitamin D.", "packageSizing": "1 l, $0.36/100ml", "pricing": {"price": "3.58", "wasPrice": null, "displayPrice": "$3.58", "memberOnlyPrice": null, "mopDisplayPrice": null, "ehfTotal": null, "environmentalHandlingFee": null, "taxInfo": ""}, "pricingUnits": {"type": "SOLD_BY_EACH", "unit": "ea", "interval": 1, "minOrderQuantity": 1, "maxOrderQuantity": 24, "weighted": false}, "deal": null, "mopDeal": null, "pcoDeal": null, "inventoryIndicator": null, "offerType": "OG", "offerId": "OG", "action": null, "isVariant": false, "link": "/en/1-milk/p/20185616_EA", "productVendor": null, "productVariant": null, "textBadge": "", "variantTheme": null, "articleNumber": "20185616", "uom": "EA", "sponsoredCreative": null, "isSponsored": false, "isComplementarySponsored": false, "complementarySponsoredBadgeText": null, "productBadge": {"badgeId": "PREPARED_IN_CANADA", "badgeClass": "badge11", "text": "Prepared in Canada", "icon": {"url": "https://dis-prod.assetful.loblaw.ca/content/dam/loblaw-companies-limited/creative-assets/pc-optimum/global-list/maple-leaf-red.png", "altText": "", "placement": "LEFT"}}}}}
{"store": "No Frills", "site_slug": "nofrills", "source_url": "/search?search-bar=milk&page=1", "scrape_ts": "2025-12-20T23:00:11.308018Z", "external_id": "20323113001_EA", "name": "Quick Oats", "brand": "Quaker", "size_text": "1 kg, $0.40/100g", "price": 4.0, "currency": "CAD", "unit_price": 0.4, "unit_price_uom": "100g", "image_url": "https://digital.loblaws.ca/PCX/20323113001_EA/en/1/20323113001_en_front_v1_800.png", "category_path": null, "availability": "in_stock", "raw_source": {"type": "next-data", "data": {"index": 14, "promotions": [], "productId": "20323113001_EA", "productImage": [{"imageUrl": "https://digital.loblaws.ca/PCX/20323113001_EA/en/1/20323113001_en_front_v1_1200.png", "thumbnailUrl": "https://digital.loblaws.ca/PCX/20323113001_EA/en/1/20323113001_en_front_v1_120.png", "smallUrl": "https://digital.loblaws.ca/PCX/20323113001_EA/en/1/20323113001_en_front_v1_250.png", "mediumUrl": "https://digital.loblaws.ca/PCX/20323113001_EA/en/1/20323113001_en_front_v1_400.png", "largeUrl": "https://digital.loblaws.ca/PCX/20323113001_EA/en/1/20323113001_en_front_v1_800.png", "extraLargeUrl": "https://digital.loblaws.ca/PCX/20323113001_EA/en/1/20323113001_en_front_v1_1200.png", "smallRetinaUrl": "https://digital.loblaws.ca/PCX/20323113001_EA/en/1/20323113001_en_front_v1_250.png", "mediumRetinaUrl": "https://digital.loblaws.ca/PCX/20323113001_EA/en/1/20323113001_en_front_v1_400.png", "largeRetinaUrl": "https://digital.loblaws.ca/PCX/20323113001_EA/en/1/20323113001_en_front_v1_800.png"}], "brand": "Quaker", "title": "Quick Oats", "description": "Don’t let your morning rush stop you from enjoying the benefit of Quaker Oats. Ready in less than 5 minutes, Quaker Quick Oats are perfect for your busy family. Top with fresh fruits, nuts or cinnamon and enjoy all the nutritious benefits. Made with 100% whole grain oats, so you can feel good about every last bite!<p>Whether you’re looking for a quick and delicious part of your morning that’s ready in minutes or baking up a batch of your favourite oatmeal cookies, Quaker Oats are always there to lend a helping hand. Available in steel-cut, gluten-free, large flake, and one-minute recipes!</p> <p>As you already know, Quaker Oats aren’t just great for your morning bowl of oatmeal — they’re also a highly versatile baking ingredient that can be used in all kinds of delicious recipes, from cookies to squares, crumbles, and other unexpectedly delicious combinations. </p><p>Quaker Oats pair well with all your favourite flavours. Try adding some fresh fruit, yogurt, honey or maple syrup.</p><ul><li>NO ARTIFICIAL FLAVOURS OR COLOURS —The delicious taste of Quaker Oats provides all the bold flavour you seek.</li><li>ESSENTIAL BAKING INGREDIENT — If you love to bake, you already know how versatile Quaker Oats are when it comes to amazing cookies, squares, banana breads, and so many more recipes.</li><li>SOURCE OF FIBRE & IRON — With 30 g of whole grains per serving</li><li>MADE WITH CANADIAN OATS — So you can feel good about every last bite.</li><li>A PERFECT PAIRING – Quaker Oats pair well with all your favourite flavours. Try adding some fresh fruit, yogurt, honey or maple syrup and you’ll have yourself delicious oatmeal as part of breakfast time or as a snack that’s ready in no time.</li></ul>", "packageSizing": "1 kg, $0.40/100g", "pricing": {"price": "4.00", "wasPrice": null, "displayPrice": "$4.00", "memberOnlyPrice": null, "mopDisplayPrice": null, "ehfTotal": null, "environmentalHandlingFee": null, "taxInfo": ""}, "pricingUnits": {"type": "SOLD_BY_EACH", "unit": "ea", "interval": 1, "minOrderQuantity": 1, "maxOrderQuantity": 24, "weighted": false}, "deal": null, "mopDeal": null, "pcoDeal": null, "inventoryIndicator": null, "offerType": "OG", "offerId": "OG", "action": null, "isVariant": false, "link": "/en/quick-oats/p/20323113001_EA", "productVendor": null, "productVariant": null, "textBadge": "", "variantTheme": null, "articleNumber": "20323113001", "uom": "EA", "sponsoredCreative": {"adGroupId": "701e2a92-ea00-4cfd-99e8-8c7610d17ab7", "campaignId": "6fa70f53-b9d4-44e5-800e-d4e56f71ddf9", "placementId": "b299dc57-28db-4e38-a351-2f94e45a78c7", "encryptedCost": "e0NreAyLspJt4cfc+II1t/eku/AodZmkV0Pg8mLvTgM=", "creativeId": "9b22000b-569f-4fef-9a6f-906d1178a2dd", "servingId": "577c38ff-1198-4918-b53c-95aa0fd013c6", "keyword": "milk", "targetedKeyword": "milk", "matchType": "EXACT_MATCH", "targetPageType": "SRP"}, "isSponsored": true, "isComplementarySponsored": true, "complementarySponsoredBadgeText": "You might like", "productBadge": {"badgeId": "SPONSORED", "badgeClass": null, "text": "Sponsored", "icon": null}}}}
{"store": "No Frills", "site_slug": "nofrills", "source_url": "/search?search-bar=milk&page=1", "scrape_ts": "2025-12-20T23:00:11.308018Z", "external_id": "21425018_EA", "name": "Purfiltre Partially Skimmed Milk 1%", "brand": "Lactantia", "size_text": "2 l, $0.29/100ml", "price": 5.8, "currency": "CAD", "unit_price": 0.29, "unit_price_uom": "100ml", "image_url": "https://digital.loblaws.ca/PCX/21425018_EA/en/1/21425018_en_front_v1_800.png", "category_path": null, "availability": "in_stock", "raw_source": {"type": "next-data", "data": {"index": 15, "promotions": [], "productId": "21425018_EA", "productImage": [{"imageUrl": "https://digital.loblaws.ca/PCX/21425018_EA/en/1/21425018_en_front_v1_1200.png", "thumbnailUrl": "https://digital.loblaws.ca/PCX/21425018_EA/en/1/21425018_en_front_v1_120.png", "smallUrl": "https://digital.loblaws.ca/PCX/21425018_EA/en/1/21425018_en_front_v1_250.png", "mediumUrl": "https://digital.loblaws.ca/PCX/21425018_EA/en/1/21425018_en_front_v1_400.png", "largeUrl": "https://digital.loblaws.ca/PCX/21425018_EA/en/1/21425018_en_front_v1_800.png", "extraLargeUrl": "https://digital.loblaws.ca/PCX/21425018_EA/en/1/21425018_en_front_v1_1200.png", "smallRetinaUrl": "https://digital.loblaws.ca/PCX/21425018_EA/en/1/21425018_en_front_v1_250.png", "mediumRetinaUrl": "https://digital.loblaws.ca/PCX/21425018_EA/en/1/21425018_en_front_v1_400.png", "largeRetinaUrl": "https://digital.loblaws.ca/PCX/21425018_EA/en/1/21425018_en_front_v1_800.png"}], "brand": "Lactantia", "title": "Purfiltre Partially Skimmed Milk 1%", "description": "<p>Taste the goodness every day with Lactantia PurFiltre 1% Filtered Partially Skimmed Milk. Sourced from Canadian dairies, every drop of this 100% Canadian milk is carefully filtered to provide a smooth, pure taste that stays fresh longer without preservatives. Source of calcium and protein, this low fat milk also contains vitamins A and D, making it a nutritious and delicious choice for the whole family. A delightful, refreshing choice on its own, with cereal, or in blended coffee drinks. Rediscover the farm-fresh flavour of fine filtered milk. Lactantia, for Milk Connoisseurs!</p><ul><li>Smooth and delicious filtered milk that stays fresh longer without preservatives</li><li>100% Canadian milk from Canadian dairies</li><li>Reduced fat, partially skimmed milk with 1% M.F.</li><li>Good source of calcium</li><li>9 g of protein per serving</li><li>Vitamins A & D</li><li>2 L</li></ul>", "packageSizing": "2 l, $0.29/100ml", "pricing": {"price": "5.80", "wasPrice": null, "displayPrice": "$5.80", "memberOnlyPrice": null, "mopDisplayPrice": null, "ehfTotal": null, "environmentalHandlingFee": null, "taxInfo": ""}, "pricingUnits": {"type": "SOLD_BY_EACH", "unit": "ea", "interval": 1, "minOrderQuantity": 1, "maxOrderQuantity": 24, "weighted": false}, "deal": null, "mopDeal": null, "pcoDeal": null, "inventoryIndicator": null, "offerType": "OG", "offerId": "OG", "action": null, "isVariant": false, "link": "/en/purfiltre-partially-skimmed-milk-1/p/21425018_EA", "productVendor": null, "productVariant": null, "textBadge": "", "variantTheme": null, "articleNumber": "21425018", "uom": "EA", "sponsoredCreative": null, "isSponsored": false, "isComplementarySponsored": false, "complementarySponsoredBadgeText": null, "productBadge": {"badgeId": "PREPARED_IN_CANADA", "badgeClass": "badge11", "text": "Prepared in Canada", "icon": {"url": "https://dis-prod.assetful.loblaw.ca/content/dam/loblaw-companies-limited/creative-assets/pc-optimum/global-list/maple-leaf-red.png", "altText": "", "placement": "LEFT"}}}}}
{"store": "No Frills", "site_slug": "nofrills", "source_url": "/search?search-bar=milk&page=1", "scrape_ts": "2025-12-20T23:00:11.308018Z", "external_id": "20091686_EA", "name": "3.25% Microfiltered Milk", "brand": "Neilson", "size_text": "4 l, $0.19/100ml", "price": 7.68, "currency": "CAD", "unit_price": 0.19, "unit_price_uom": "100ml", "image_url": "https://digital.loblaws.ca/PCX/20091686_EA/en/1/20091686_en_front_800.png", "category_path": null, "availability": "in_stock", "raw_source": {"type": "next-data", "data": {"index": 16, "promotions": [], "productId": "20091686_EA", "productImage": [{"imageUrl": "https://digital.loblaws.ca/PCX/20091686_EA/en/1/20091686_en_front_1200.png", "thumbnailUrl": "https://digital.loblaws.ca/PCX/20091686_EA/en/1/20091686_en_front_120.png", "smallUrl": "https://digital.loblaws.ca/PCX/20091686_EA/en/1/20091686_en_front_250.png", "mediumUrl": "https://digital.loblaws.ca/PCX/20091686_EA/en/1/20091686_en_front_400.png", "largeUrl": "https://digital.loblaws.ca/PCX/20091686_EA/en/1/20091686_en_front_800.png", "extraLargeUrl": "https://digital.loblaws.ca/PCX/20091686_EA/en/1/20091686_en_front_1200.png", "smallRetinaUrl": "https://digital.loblaws.ca/PCX/20091686_EA/en/1/20091686_en_front_250.png", "mediumRetinaUrl": "https://digital.loblaws.ca/PCX/20091686_EA/en/1/20091686_en_front_400.png", "largeRetinaUrl": "https://digital.loblaws.ca/PCX/20091686_EA/en/1/20091686_en_front_800.png"}], "brand": "Neilson", "title": "3.25% Microfiltered Milk", "description": "Fresh, wholesome milk… naturally from Neilson.Since 1893, Neilson has stood for high quality dairy products. Neilson has always been committed to using the best ingredients, people and processes to produce great tasting quality milk you can depend on. Always fresh, always delicious and always an excellent source of calcium, protein and vitamin D.", "packageSizing": "4 l, $0.19/100ml", "pricing": {"price": "7.68", "wasPrice": null, "displayPrice": "$7.68", "memberOnlyPrice": null, "mopDisplayPrice": null, "ehfTotal": null, "environmentalHandlingFee": null, "taxInfo": ""}, "pricingUnits": {"type": "SOLD_BY_EACH", "unit": "ea", "interval": 1, "minOrderQuantity": 1, "maxOrderQuantity": 24, "weighted": false}, "deal": null, "mopDeal": null, "pcoDeal": null, "inventoryIndicator": null, "offerType": "OG", "offerId": "OG", "action": null, "isVariant": false, "link": "/en/3-25-microfiltered-milk/p/20091686_EA", "productVendor": null, "productVariant": null, "textBadge": "", "variantTheme": null, "articleNumber": "20091686", "uom": "EA", "sponsoredCreative": null, "isSponsored": false, "isComplementarySponsored": false, "complementarySponsoredBadgeText": null, "productBadge": {"badgeId": "PREPARED_IN_CANADA", "badgeClass": "badge11", "text": "Prepared in Canada", "icon": {"url": "https://dis-prod.assetful.loblaw.ca/content/dam/loblaw-companies-limited/creative-assets/pc-optimum/global-list/maple-leaf-red.png", "altText": "", "placement": "LEFT"}}}}}
{"store": "No Frills", "site_slug": "nofrills", "source_url": "/search?search-bar=milk&page=1", "scrape_ts": "2025-12-20T23:00:11.308018Z", "external_id": "21694605_EA", "name": "Ultrapur Protein Ultra-Filtered Milk 2%", "brand": "Lactantia", "size_text": "1.5 l, $0.39/100ml", "price": 5.9, "currency": "CAD", "unit_price": 0.39, "unit_price_uom": "100ml", "image_url": "https://digital.loblaws.ca/PCX/21694605_EA/en/1/21694605_en_front_v1_800.png", "category_path": null, "availability": "in_stock", "raw_source": {"type": "next-data", "data": {"index": 17, "promotions": [], "productId": "21694605_EA", "productImage": [{"imageUrl": "https://digital.loblaws.ca/PCX/21694605_EA/en/1/21694605_en_front_v1_1200.png", "thumbnailUrl": "https://digital.loblaws.ca/PCX/21694605_EA/en/1/21694605_en_front_v1_120.png", "smallUrl": "https://digital.loblaws.ca/PCX/21694605_EA/en/1/21694605_en_front_v1_250.png", "mediumUrl": "https://digital.loblaws.ca/PCX/21694605_EA/en/1/21694605_en_front_v1_400.png", "largeUrl": "https://digital.loblaws.ca/PCX/21694605_EA/en/1/21694605_en_front_v1_800.png", "extraLargeUrl": "https://digital.loblaws.ca/PCX/21694605_EA/en/1/21694605_en_front_v1_1200.png", "smallRetinaUrl": "https://digital.loblaws.ca/PCX/21694605_EA/en/1/21694605_en_front_v1_250.png", "mediumRetinaUrl": "https://digital.loblaws.ca/PCX/21694605_EA/en/1/21694605_en_front_v1_400.png", "largeRetinaUrl": "https://digital.loblaws.ca/PCX/21694605_EA/en/1/21694605_en_front_v1_800.png"}], "brand": "Lactantia", "title": "Ultrapur Protein Ultra-Filtered Milk 2%", "description": "<p>Get more of what you want with Lactantia UltraPur Ultrafiltered Milk. Unlike regular milk, this partly skimmed high protein milk is also ideal for those who require lactose free milk. Sourced from Canadian dairies, every drop of this 2% high-protein milk is carefully filtered to provide a smooth, pure taste that stays fresh longer without preservatives. Source of 10 essential nutrients and no sugar added, this milk is a nutritious and delicious choice for the whole family. A delightful, refreshing choice on its own, with cereal, or in blended coffee drinks. Rediscover the power of farm-fresh flavour with ultrafiltered milk. Lactantia, for Milk Connoisseurs!</p><ul><li>Made with ultrafiltered milk that stays fresh longer without preservatives</li><li>100% Canadian milk from Canadian dairies</li><li>20g of protein per serving</li><li>Lactose free</li><li>2% M.F.</li><li>Source of 10 essential nutrients</li><li>No added sugar</li><li>1.5 L</li></ul>", "packageSizing": "1.5 l, $0.39/100ml", "pricing": {"price": "5.90", "wasPrice": null, "displayPrice": "$5.90", "memberOnlyPrice": null, "mopDisplayPrice": null, "ehfTotal": null, "environmentalHandlingFee": null, "taxInfo": ""}, "pricingUnits": {"type": "SOLD_BY_EACH", "unit": "ea", "interval": 1, "minOrderQuantity": 1, "maxOrderQuantity": 25, "weighted": false}, "deal": null, "mopDeal": null, "pcoDeal": null, "inventoryIndicator": null, "offerType": "OG", "offerId": "OG", "action": null, "isVariant": false, "link": "/en/ultrapur-protein-ultra-filtered-milk-2/p/21694605_EA", "productVendor": null, "productVariant": null, "textBadge": "", "variantTheme": null, "articleNumber": "21694605", "uom": "EA", "sponsoredCreative": null, "isSponsored": false, "isComplementarySponsored": false, "complementarySponsoredBadgeText": null, "productBadge": null}}}
{"store": "No Frills", "site_slug": "nofrills", "source_url": "/search?search-bar=milk&page=1", "scrape_ts": "2025-12-20T23:00:11.308018Z", "external_id": "20126276_EA", "name": "1% Microfiltered Milk", "brand": "Neilson", "size_text": "2 l, $0.28/100ml", "price": 5.69, "currency": "CAD", "unit_price": 0.28, "unit_price_uom": "100ml", "image_url": "https://digital.loblaws.ca/PCX/20126276_EA/en/1/20126276_en_front_v1_800.png", "category_path": null, "availability": "in_stock", "raw_source": {"type": "next-data", "data": {"index": 18, "promotions": [], "productId": "20126276_EA", "productImage": [{"imageUrl": "https://digital.loblaws.ca/PCX/20126276_EA/en/1/20126276_en_front_v1_1200.png", "thumbnailUrl": "https://digital.loblaws.ca/PCX/20126276_EA/en/1/20126276_en_front_v1_120.png", "smallUrl": "https://digital.loblaws.ca/PCX/20126276_EA/en/1/20126276_en_front_v1_250.png", "mediumUrl": "https://digital.loblaws.ca/PCX/20126276_EA/en/1/20126276_en_front_v1_400.png", "largeUrl": "https://digital.loblaws.ca/PCX/20126276_EA/en/1/20126276_en_front_v1_800.png", "extraLargeUrl": "https://digital.loblaws.ca/PCX/20126276_EA/en/1/20126276_en_front_v1_1200.png", "smallRetinaUrl": "https://digital.loblaws.ca/PCX/20126276_EA/en/1/20126276_en_front_v1_250.png", "mediumRetinaUrl": "https://digital.loblaws.ca/PCX/20126276_EA/en/1/20126276_en_front_v1_400.png", "largeRetinaUrl": "https://digital.loblaws.ca/PCX/20126276_EA/en/1/20126276_en_front_v1_800.png"}], "brand": "Neilson", "title": "1% Microfiltered Milk", "description": "Fresh, wholesome milk… naturally from Neilson.Since 1893, Neilson has stood for high quality dairy products. Neilson has always been committed to using the best ingredients, people and processes to produce great tasting quality milk you can depend on. Always fresh, always delicious and always an excellent source of calcium, protein and vitamin D.", "packageSizing": "2 l, $0.28/100ml", "pricing": {"price": "5.69", "wasPrice": null, "displayPrice": "$5.69", "memberOnlyPrice": null, "mopDisplayPrice": null, "ehfTotal": null, "environmentalHandlingFee": null, "taxInfo": ""}, "pricingUnits": {"type": "SOLD_BY_EACH", "unit": "ea", "interval": 1, "minOrderQuantity": 1, "maxOrderQuantity": 24, "weighted": false}, "deal": null, "mopDeal": null, "pcoDeal": null, "inventoryIndicator": null, "offerType": "OG", "offerId": "OG", "action": null, "isVariant": false, "link": "/en/1-microfiltered-milk/p/20126276_EA", "productVendor": null, "productVariant": null, "textBadge": "", "variantTheme": null, "articleNumber": "20126276", "uom": "EA", "sponsoredCreative": null, "isSponsored": false, "isComplementarySponsored": false, "complementarySponsoredBadgeText": null, "productBadge": {"badgeId": "PREPARED_IN_CANADA", "badgeClass": "badge11", "text": "Prepared in Canada", "icon": {"url": "https://dis-prod.assetful.loblaw.ca/content/dam/loblaw-companies-limited/creative-assets/pc-optimum/global-list/maple-leaf-red.png", "altText": "", "placement": "LEFT"}}}}}
{"store": "No Frills", "site_slug": "nofrills", "source_url": "/search?search-bar=milk&page=1", "scrape_ts": "2025-12-20T23:00:11.308018Z", "external_id": "20076709_EA", "name": "1% Milk", "brand": "Neilson", "size_text": "2 l, $0.27/100ml", "price": 5.34, "currency": "CAD", "unit_price": 0.27, "unit_price_uom": "100ml", "image_url": "https://digital.loblaws.ca/PCX/20076709_EA/en/1/20076709_en_front_800.png", "category_path": null, "availability": "in_stock", "raw_source": {"type": "next-data", "data": {"index": 19, "promotions": [], "productId": "20076709_EA", "productImage": [{"imageUrl": "https://digital.loblaws.ca/PCX/20076709_EA/en/1/20076709_en_front_1200.png", "thumbnailUrl": "https://digital.loblaws.ca/PCX/20076709_EA/en/1/20076709_en_front_120.png", "smallUrl": "https://digital.loblaws.ca/PCX/20076709_EA/en/1/20076709_en_front_250.png", "mediumUrl": "https://digital.loblaws.ca/PCX/20076709_EA/en/1/20076709_en_front_400.png", "largeUrl": "https://digital.loblaws.ca/PCX/20076709_EA/en/1/20076709_en_front_800.png", "extraLargeUrl": "https://digital.loblaws.ca/PCX/20076709_EA/en/1/20076709_en_front_1200.png", "smallRetinaUrl": "https://digital.loblaws.ca/PCX/20076709_EA/en/1/20076709_en_front_250.png", "mediumRetinaUrl": "https://digital.loblaws.ca/PCX/20076709_EA/en/1/20076709_en_front_400.png", "largeRetinaUrl": "https://digital.loblaws.ca/PCX/20076709_EA/en/1/20076709_en_front_800.png"}], "brand": "Neilson", "title": "1% Milk", "description": "Fresh, wholesome milk… naturally from Neilson.Since 1893, Neilson has stood for high quality dairy products. Neilson has always been committed to using the best ingredients, people and processes to produce great tasting quality milk you can depend on. Always fresh, always delicious and always an excellent source of calcium, protein and vitamin D.", "packageSizing": "2 l, $0.27/100ml", "pricing": {"price": "5.34", "wasPrice": null, "displayPrice": "$5.34", "memberOnlyPrice": null, "mopDisplayPrice": null, "ehfTotal": null, "environmentalHandlingFee": null, "taxInfo": ""}, "pricingUnits": {"type": "SOLD_BY_EACH", "unit": "ea", "interval": 1, "minOrderQuantity": 1, "maxOrderQuantity": 24, "weighted": false}, "deal": null, "mopDeal": null, "pcoDeal": null, "inventoryIndicator": null, "offerType": "OG", "offerId": "OG", "action": null, "isVariant": false, "link": "/en/1-milk/p/20076709_EA", "productVendor": null, "productVariant": null, "textBadge": "", "variantTheme": null, "articleNumber": "20076709", "uom": "EA", "sponsoredCreative": null, "isSponsored": false, "isComplementarySponsored": false, "complementarySponsoredBadgeText": null, "productBadge": {"badgeId": "PREPARED_IN_CANADA", "badgeClass": "badge11", "text": "Prepared in Canada", "icon": {"url": "https://dis-prod.assetful.loblaw.ca/content/dam/loblaw-companies-limited/creative-assets/pc-optimum/global-list/maple-leaf-red.png", "altText": "", "placement": "LEFT"}}}}}
{"store": "No Frills", "site_slug": "nofrills", "source_url": "/search?search-bar=milk&page=1", "scrape_ts": "2025-12-20T23:00:11.308018Z", "external_id": "20125636_EA", "name": "3.25% Homogenized Milk", "brand": "Neilson", "size_text": "2 l, $0.28/100ml", "price": 5.55, "currency": "CAD", "unit_price": 0.28, "unit_price_uom": "100ml", "image_url": "https://digital.loblaws.ca/PCX/20125636_EA/en/1/20125636_en_front_800.png", "category_path": null, "availability": "in_stock", "raw_source": {"type": "next-data", "data": {"index": 20, "promotions": [], "productId": "20125636_EA", "productImage": [{"imageUrl": "https://digital.loblaws.ca/PCX/20125636_EA/en/1/20125636_en_front_1200.png", "thumbnailUrl": "https://digital.loblaws.ca/PCX/20125636_EA/en/1/20125636_en_front_120.png", "smallUrl": "https://digital.loblaws.ca/PCX/20125636_EA/en/1/20125636_en_front_250.png", "mediumUrl": "https://digital.loblaws.ca/PCX/20125636_EA/en/1/20125636_en_front_400.png", "largeUrl": "https://digital.loblaws.ca/PCX/20125636_EA/en/1/20125636_en_front_800.png", "extraLargeUrl": "https://digital.loblaws.ca/PCX/20125636_EA/en/1/20125636_en_front_1200.png", "smallRetinaUrl": "https://digital.loblaws.ca/PCX/20125636_EA/en/1/20125636_en_front_250.png", "mediumRetinaUrl": "https://digital.loblaws.ca/PCX/20125636_EA/en/1/20125636_en_front_400.png", "largeRetinaUrl": "https://digital.loblaws.ca/PCX/20125636_EA/en/1/20125636_en_front_800.png"}], "brand": "Neilson", "title": "3.25% Homogenized Milk", "description": "Fresh, wholesome milk… naturally from Neilson.Since 1893, Neilson has stood for high quality dairy products. Neilson has always been committed to using the best ingredients, people and processes to produce great tasting quality milk you can depend on. Always fresh, always delicious and always an excellent source of calcium, protein and vitamin D.", "packageSizing": "2 l, $0.28/100ml", "pricing": {"price": "5.55", "wasPrice": null, "displayPrice": "$5.55", "memberOnlyPrice": null, "mopDisplayPrice": null, "ehfTotal": null, "environmentalHandlingFee": null, "taxInfo": ""}, "pricingUnits": {"type": "SOLD_BY_EACH", "unit": "ea", "interval": 1, "minOrderQuantity": 1, "maxOrderQuantity": 24, "weighted": false}, "deal": null, "mopDeal": null, "pcoDeal": null, "inventoryIndicator": null, "offerType": "OG", "offerId": "OG", "action": null, "isVariant": false, "link": "/en/3-25-homogenized-milk/p/20125636_EA", "productVendor": null, "productVariant": null, "textBadge": "", "variantTheme": null, "articleNumber": "20125636", "uom": "EA", "sponsoredCreative": null, "isSponsored": false, "isComplementarySponsored": false, "complementarySponsoredBadgeText": null, "productBadge": {"badgeId": "PREPARED_IN_CANADA", "badgeClass": "badge11", "text": "Prepared in Canada", "icon": {"url": "https://dis-prod.assetful.loblaw.ca/content/dam/loblaw-companies-limited/creative-assets/pc-optimum/global-list/maple-leaf-red.png", "altText": "", "placement": "LEFT"}}}}}
{"store": "No Frills", "site_slug": "nofrills", "source_url": "/search?search-bar=milk&page=1", "scrape_ts": "2025-12-20T23:00:11.308018Z", "external_id": "21537885_EA", "name": "2% Partly Skimmed Milk", "brand": "Milk 2 Go", "size_text": "6x200.0 ml, $0.57/100ml", "price": 6.79, "currency": "CAD", "unit_price": 0.57, "unit_price_uom": "100ml", "image_url": "https://digital.loblaws.ca/PCX/21537885_EA/en/1/21537885_en_front_800.png", "category_path": null, "availability": "in_stock", "raw_source": {"type": "next-data", "data": {"index": 21, "promotions": [], "productId": "21537885_EA", "productImage": [{"imageUrl": "https://digital.loblaws.ca/PCX/21537885_EA/en/1/21537885_en_front_1200.png", "thumbnailUrl": "https://digital.loblaws.ca/PCX/21537885_EA/en/1/21537885_en_front_120.png", "smallUrl": "https://digital.loblaws.ca/PCX/21537885_EA/en/1/21537885_en_front_250.png", "mediumUrl": "https://digital.loblaws.ca/PCX/21537885_EA/en/1/21537885_en_front_400.png", "largeUrl": "https://digital.loblaws.ca/PCX/21537885_EA/en/1/21537885_en_front_800.png", "extraLargeUrl": "https://digital.loblaws.ca/PCX/21537885_EA/en/1/21537885_en_front_1200.png", "smallRetinaUrl": "https://digital.loblaws.ca/PCX/21537885_EA/en/1/21537885_en_front_250.png", "mediumRetinaUrl": "https://digital.loblaws.ca/PCX/21537885_EA/en/1/21537885_en_front_400.png", "largeRetinaUrl": "https://digital.loblaws.ca/PCX/21537885_EA/en/1/21537885_en_front_800.png"}], "brand": "Milk 2 Go", "title": "2% Partly Skimmed Milk", "description": "It’s best buds with cookies, cake and pretty much all desserts. And it fits into the cup holder of your car. So much to love. Milk2Go is the right balance of fun and convenience. This playful brand offers a variety of flavours of bottled fresh milk to take on the go. We are committed to providing nutritious, delicious, Canadian-produced milk with no preservatives.  Milk2Go, the perfect on the go snack for everyone.", "packageSizing": "6x200.0 ml, $0.57/100ml", "pricing": {"price": "6.79", "wasPrice": null, "displayPrice": "$6.79", "memberOnlyPrice": null, "mopDisplayPrice": null, "ehfTotal": null, "environmentalHandlingFee": null, "taxInfo": ""}, "pricingUnits": {"type": "SOLD_BY_EACH", "unit": "ea", "interval": 1, "minOrderQuantity": 1, "maxOrderQuantity": 24, "weighted": false}, "deal": null, "mopDeal": null, "pcoDeal": null, "inventoryIndicator": null, "offerType": "OG", "offerId": "OG", "action": null, "isVariant": false, "link": "/en/2-partly-skimmed-milk/p/21537885_EA", "productVendor": null, "productVariant": null, "textBadge": "", "variantTheme": null, "articleNumber": "21537885", "uom": "EA", "sponsoredCreative": null, "isSponsored": false, "isComplementarySponsored": false, "complementarySponsoredBadgeText": null, "productBadge": {"badgeId": "PREPARED_IN_CANADA", "badgeClass": "badge11", "text": "Prepared in Canada", "icon": {"url": "https://dis-prod.assetful.loblaw.ca/content/dam/loblaw-companies-limited/creative-assets/pc-optimum/global-list/maple-leaf-red.png", "altText": "", "placement": "LEFT"}}}}}
{"store": "No Frills", "site_slug": "nofrills", "source_url": "/search?search-bar=milk&page=1", "scrape_ts": "2025-12-20T23:00:11.308018Z", "external_id": "20077874003_EA", "name": "Lactose Free 1% Dairy Product", "brand": "Natrel", "size_text": "2 l, $0.30/100ml", "price": 6.0, "currency": "CAD", "unit_price": 0.3, "unit_price_uom": "100ml", "image_url": "https://digital.loblaws.ca/PCX/20077874003_EA/en/1/20077874003_en_front_800.png", "category_path": null, "availability": "in_stock", "raw_source": {"type": "next-data", "data": {"index": 22, "promotions": [], "productId": "20077874003_EA", "productImage": [{"imageUrl": "https://digital.loblaws.ca/PCX/20077874003_EA/en/1/20077874003_en_front_1200.png", "thumbnailUrl": "https://digital.loblaws.ca/PCX/20077874003_EA/en/1/20077874003_en_front_120.png", "smallUrl": "https://digital.loblaws.ca/PCX/20077874003_EA/en/1/20077874003_en_front_250.png", "mediumUrl": "https://digital.loblaws.ca/PCX/20077874003_EA/en/1/20077874003_en_front_400.png", "largeUrl": "https://digital.loblaws.ca/PCX/20077874003_EA/en/1/20077874003_en_front_800.png", "extraLargeUrl": "https://digital.loblaws.ca/PCX/20077874003_EA/en/1/20077874003_en_front_1200.png", "smallRetinaUrl": "https://digital.loblaws.ca/PCX/20077874003_EA/en/1/20077874003_en_front_250.png", "mediumRetinaUrl": "https://digital.loblaws.ca/PCX/20077874003_EA/en/1/20077874003_en_front_400.png", "largeRetinaUrl": "https://digital.loblaws.ca/PCX/20077874003_EA/en/1/20077874003_en_front_800.png"}], "brand": "Natrel", "title": "Lactose Free 1% Dairy Product", "description": "Through our unique process, we can preserve the deliciously pure taste of fresh milk in every glass of our products, while removing the lactose that can cause you discomfort. So you can once again benefit from an excellent source of calcium, vitamin D and protein, plus a source of vitamin A. That’s everything you need to maintain a well-balanced diet.", "packageSizing": "2 l, $0.30/100ml", "pricing": {"price": "6.00", "wasPrice": "$6.74", "displayPrice": "$6.00", "memberOnlyPrice": null, "mopDisplayPrice": null, "ehfTotal": null, "environmentalHandlingFee": null, "taxInfo": ""}, "pricingUnits": {"type": "SOLD_BY_EACH", "unit": "ea", "interval": 1, "minOrderQuantity": 1, "maxOrderQuantity": 24, "weighted": false}, "deal": {"type": "SALE", "text": "SAVE $0.74", "points": 0, "name": "SALE", "expiryDate": "2025-12-24T00:00:00Z", "dealPrice": null}, "mopDeal": null, "pcoDeal": null, "inventoryIndicator": null, "offerType": "OG", "offerId": "OG", "action": null, "isVariant": false, "link": "/en/lactose-free-1-dairy-product/p/20077874003_EA", "productVendor": null, "productVariant": null, "textBadge": "", "variantTheme": null, "articleNumber": "20077874003", "uom": "EA", "sponsoredCreative": null, "isSponsored": false, "isComplementarySponsored": false, "complementarySponsoredBadgeText": null, "productBadge": {"badgeId": "PREPARED_IN_CANADA", "badgeClass": "badge11", "text": "Prepared in Canada", "icon": {"url": "https://dis-prod.assetful.loblaw.ca/content/dam/loblaw-companies-limited/creative-assets/pc-optimum/global-list/maple-leaf-red.png", "altText": "", "placement": "LEFT"}}}}}
{"store": "No Frills", "site_slug": "nofrills", "source_url": "/search?search-bar=milk&page=1", "scrape_ts": "2025-12-20T23:00:11.308018Z", "external_id": "20181392_EA", "name": "2% Microfiltered Milk", "brand": "Neilson", "size_text": "1 l, $0.39/100ml", "price": 3.89, "currency": "CAD", "unit_price": 0.39, "unit_price_uom": "100ml", "image_url": "https://digital.loblaws.ca/PCX/20181392_EA/en/1/20181392_en_front_v2_800.png", "category_path": null, "availability": "in_stock", "raw_source": {"type": "next-data", "data": {"index": 23, "promotions": [], "productId": "20181392_EA", "productImage": [{"imageUrl": "https://digital.loblaws.ca/PCX/20181392_EA/en/1/20181392_en_front_v2_1200.png", "thumbnailUrl": "https://digital.loblaws.ca/PCX/20181392_EA/en/1/20181392_en_front_v2_120.png", "smallUrl": "https://digital.loblaws.ca/PCX/20181392_EA/en/1/20181392_en_front_v2_250.png", "mediumUrl": "https://digital.loblaws.ca/PCX/20181392_EA/en/1/20181392_en_front_v2_400.png", "largeUrl": "https://digital.loblaws.ca/PCX/20181392_EA/en/1/20181392_en_front_v2_800.png", "extraLargeUrl": "https://digital.loblaws.ca/PCX/20181392_EA/en/1/20181392_en_front_v2_1200.png", "smallRetinaUrl": "https://digital.loblaws.ca/PCX/20181392_EA/en/1/20181392_en_front_v2_250.png", "mediumRetinaUrl": "https://digital.loblaws.ca/PCX/20181392_EA/en/1/20181392_en_front_v2_400.png", "largeRetinaUrl": "https://digital.loblaws.ca/PCX/20181392_EA/en/1/20181392_en_front_v2_800.png"}], "brand": "Neilson", "title": "2% Microfiltered Milk", "description": "Fresh, wholesome milk… naturally from Neilson.Since 1893, Neilson has stood for high quality dairy products. Neilson has always been committed to using the best ingredients, people and processes to produce great tasting quality milk you can depend on. Always fresh, always delicious and always an excellent source of calcium, protein and vitamin D.", "packageSizing": "1 l, $0.39/100ml", "pricing": {"price": "3.89", "wasPrice": null, "displayPrice": "$3.89", "memberOnlyPrice": null, "mopDisplayPrice": null, "ehfTotal": null, "environmentalHandlingFee": null, "taxInfo": ""}, "pricingUnits": {"type": "SOLD_BY_EACH", "unit": "ea", "interval": 1, "minOrderQuantity": 1, "maxOrderQuantity": 24, "weighted": false}, "deal": null, "mopDeal": null, "pcoDeal": null, "inventoryIndicator": null, "offerType": "OG", "offerId": "OG", "action": null, "isVariant": false, "link": "/en/2-microfiltered-milk/p/20181392_EA", "productVendor": null, "productVariant": null, "textBadge": "", "variantTheme": null, "articleNumber": "20181392", "uom": "EA", "sponsoredCreative": null, "isSponsored": false, "isComplementarySponsored": false, "complementarySponsoredBadgeText": null, "productBadge": {"badgeId": "PREPARED_IN_CANADA", "badgeClass": "badge11", "text": "Prepared in Canada", "icon": {"url": "https://dis-prod.assetful.loblaw.ca/content/dam/loblaw-companies-limited/creative-assets/pc-optimum/global-list/maple-leaf-red.png", "altText": "", "placement": "LEFT"}}}}}
{"store": "No Frills", "site_slug": "nofrills", "source_url": "/search?search-bar=milk&page=1", "scrape_ts": "2025-12-20T23:00:11.308018Z", "external_id": "20131121_EA", "name": "3.25% Microfiltered Milk", "brand": "Neilson", "size_text": "2 l, $0.30/100ml", "price": 5.99, "currency": "CAD", "unit_price": 0.3, "unit_price_uom": "100ml", "image_url": "https://digital.loblaws.ca/PCX/20131121_EA/en/1/20131121_en_front_800.png", "category_path": null, "availability": "in_stock", "raw_source": {"type": "next-data", "data": {"index": 24, "promotions": [], "productId": "20131121_EA", "productImage": [{"imageUrl": "https://digital.loblaws.ca/PCX/20131121_EA/en/1/20131121_en_front_1200.png", "thumbnailUrl": "https://digital.loblaws.ca/PCX/20131121_EA/en/1/20131121_en_front_120.png", "smallUrl": "https://digital.loblaws.ca/PCX/20131121_EA/en/1/20131121_en_front_250.png", "mediumUrl": "https://digital.loblaws.ca/PCX/20131121_EA/en/1/20131121_en_front_400.png", "largeUrl": "https://digital.loblaws.ca/PCX/20131121_EA/en/1/20131121_en_front_800.png", "extraLargeUrl": "https://digital.loblaws.ca/PCX/20131121_EA/en/1/20131121_en_front_1200.png", "smallRetinaUrl": "https://digital.loblaws.ca/PCX/20131121_EA/en/1/20131121_en_front_250.png", "mediumRetinaUrl": "https://digital.loblaws.ca/PCX/20131121_EA/en/1/20131121_en_front_400.png", "largeRetinaUrl": "https://digital.loblaws.ca/PCX/20131121_EA/en/1/20131121_en_front_800.png"}], "brand": "Neilson", "title": "3.25% Microfiltered Milk", "description": "Fresh, wholesome milk… naturally from Neilson.Since 1893, Neilson has stood for high quality dairy products. Neilson has always been committed to using the best ingredients, people and processes to produce great tasting quality milk you can depend on. Always fresh, always delicious and always an excellent source of calcium, protein and vitamin D.", "packageSizing": "2 l, $0.30/100ml", "pricing": {"price": "5.99", "wasPrice": null, "displayPrice": "$5.99", "memberOnlyPrice": null, "mopDisplayPrice": null, "ehfTotal": null, "environmentalHandlingFee": null, "taxInfo": ""}, "pricingUnits": {"type": "SOLD_BY_EACH", "unit": "ea", "interval": 1, "minOrderQuantity": 1, "maxOrderQuantity": 24, "weighted": false}, "deal": null, "mopDeal": null, "pcoDeal": null, "inventoryIndicator": null, "offerType": "OG", "offerId": "OG", "action": null, "isVariant": false, "link": "/en/3-25-microfiltered-milk/p/20131121_EA", "productVendor": null, "productVariant": null, "textBadge": "", "variantTheme": null, "articleNumber": "20131121", "uom": "EA", "sponsoredCreative": null, "isSponsored": false, "isComplementarySponsored": false, "complementarySponsoredBadgeText": null, "productBadge": {"badgeId": "PREPARED_IN_CANADA", "badgeClass": "badge11", "text": "Prepared in Canada", "icon": {"url": "https://dis-prod.assetful.loblaw.ca/content/dam/loblaw-companies-limited/creative-assets/pc-optimum/global-list/maple-leaf-red.png", "altText": "", "placement": "LEFT"}}}}}
{"store": "No Frills", "site_slug": "nofrills", "source_url": "/search?search-bar=milk&page=1", "scrape_ts": "2025-12-20T23:00:11.308018Z", "external_id": "21128364_EA", "name": "Skim Milk", "brand": "Fairlife", "size_text": "1.5 l, $0.50/100ml", "price": 7.49, "currency": "CAD", "unit_price": 0.5, "unit_price_uom": "100ml", "image_url": "https://digital.loblaws.ca/PCX/21128364_EA/en/1/21128364_en_front_v3_800.png", "category_path": null, "availability": "in_stock", "raw_source": {"type": "next-data", "data": {"index": 25, "promotions": [], "productId": "21128364_EA", "productImage": [{"imageUrl": "https://digital.loblaws.ca/PCX/21128364_EA/en/1/21128364_en_front_v3_1200.png", "thumbnailUrl": "https://digital.loblaws.ca/PCX/21128364_EA/en/1/21128364_en_front_v3_120.png", "smallUrl": "https://digital.loblaws.ca/PCX/21128364_EA/en/1/21128364_en_front_v3_250.png", "mediumUrl": "https://digital.loblaws.ca/PCX/21128364_EA/en/1/21128364_en_front_v3_400.png", "largeUrl": "https://digital.loblaws.ca/PCX/21128364_EA/en/1/21128364_en_front_v3_800.png", "extraLargeUrl": "https://digital.loblaws.ca/PCX/21128364_EA/en/1/21128364_en_front_v3_1200.png", "smallRetinaUrl": "https://digital.loblaws.ca/PCX/21128364_EA/en/1/21128364_en_front_v3_250.png", "mediumRetinaUrl": "https://digital.loblaws.ca/PCX/21128364_EA/en/1/21128364_en_front_v3_400.png", "largeRetinaUrl": "https://digital.loblaws.ca/PCX/21128364_EA/en/1/21128364_en_front_v3_800.png"}], "brand": "Fairlife", "title": "Skim Milk", "description": "<p>We are driven by a simple belief: we can always make the world better. Proper nourishment allows us all to grow and thrive. All our milk flows through soft filters to concentrate protein while filtering out half of the natural sugars. Our delicious fairlife ultra-filtered milk has 50% less sugar and 50% more protein than regular chocolate milk. Plus, there are no artificial growth hormones used and it's lactose-free. So sip, drink, and chug as you enjoy our delicious ultra-filtered milk, eh?</p><ul><li>Made with 100% quality Canadian milk</li><li>50% less sugar and 50% more protein than regular chocolate milk</li><li>Delicious, satisfying, and lactose-free</li><li>No artificial growth hormones used</li></ul>", "packageSizing": "1.5 l, $0.50/100ml", "pricing": {"price": "7.49", "wasPrice": null, "displayPrice": "$7.49", "memberOnlyPrice": null, "mopDisplayPrice": null, "ehfTotal": null, "environmentalHandlingFee": null, "taxInfo": ""}, "pricingUnits": {"type": "SOLD_BY_EACH", "unit": "ea", "interval": 1, "minOrderQuantity": 1, "maxOrderQuantity": 24, "weighted": false}, "deal": null, "mopDeal": null, "pcoDeal": null, "inventoryIndicator": null, "offerType": "OG", "offerId": "OG", "action": null, "isVariant": false, "link": "/en/skim-milk/p/21128364_EA", "productVendor": null, "productVariant": null, "textBadge": "", "variantTheme": null, "articleNumber": "21128364", "uom": "EA", "sponsoredCreative": null, "isSponsored": false, "isComplementarySponsored": false, "complementarySponsoredBadgeText": null, "productBadge": {"badgeId": "PREPARED_IN_CANADA", "badgeClass": "badge11", "text": "Prepared in Canada", "icon": {"url": "https://dis-prod.assetful.loblaw.ca/content/dam/loblaw-companies-limited/creative-assets/pc-optimum/global-list/maple-leaf-red.png", "altText": "", "placement": "LEFT"}}}}}
{"store": "No Frills", "site_slug": "nofrills", "source_url": "/search?search-bar=milk&page=1", "scrape_ts": "2025-12-20T23:00:11.308018Z", "external_id": "20178677_EA", "name": "3.25% Homogenized Milk", "brand": "Neilson", "size_text": "1 l, $0.38/100ml", "price": 3.81, "currency": "CAD", "unit_price": 0.38, "unit_price_uom": "100ml", "image_url": "https://digital.loblaws.ca/PCX/20178677_EA/en/1/20178677_en_front_800.png", "category_path": null, "availability": "in_stock", "raw_source": {"type": "next-data", "data": {"index": 26, "promotions": [], "productId": "20178677_EA", "productImage": [{"imageUrl": "https://digital.loblaws.ca/PCX/20178677_EA/en/1/20178677_en_front_1200.png", "thumbnailUrl": "https://digital.loblaws.ca/PCX/20178677_EA/en/1/20178677_en_front_120.png", "smallUrl": "https://digital.loblaws.ca/PCX/20178677_EA/en/1/20178677_en_front_250.png", "mediumUrl": "https://digital.loblaws.ca/PCX/20178677_EA/en/1/20178677_en_front_400.png", "largeUrl": "https://digital.loblaws.ca/PCX/20178677_EA/en/1/20178677_en_front_800.png", "extraLargeUrl": "https://digital.loblaws.ca/PCX/20178677_EA/en/1/20178677_en_front_1200.png", "smallRetinaUrl": "https://digital.loblaws.ca/PCX/20178677_EA/en/1/20178677_en_front_250.png", "mediumRetinaUrl": "https://digital.loblaws.ca/PCX/20178677_EA/en/1/20178677_en_front_400.png", "largeRetinaUrl": "https://digital.loblaws.ca/PCX/20178677_EA/en/1/20178677_en_front_800.png"}], "brand": "Neilson", "title": "3.25% Homogenized Milk", "description": "Fresh, wholesome milk… naturally from Neilson.Since 1893, Neilson has stood for high quality dairy products. Neilson has always been committed to using the best ingredients, people and processes to produce great tasting quality milk you can depend on. Always fresh, always delicious and always an excellent source of calcium, protein and vitamin D.", "packageSizing": "1 l, $0.38/100ml", "pricing": {"price": "3.81", "wasPrice": null, "displayPrice": "$3.81", "memberOnlyPrice": null, "mopDisplayPrice": null, "ehfTotal": null, "environmentalHandlingFee": null, "taxInfo": ""}, "pricingUnits": {"type": "SOLD_BY_EACH", "unit": "ea", "interval": 1, "minOrderQuantity": 1, "maxOrderQuantity": 24, "weighted": false}, "deal": null, "mopDeal": null, "pcoDeal": null, "inventoryIndicator": null, "offerType": "OG", "offerId": "OG", "action": null, "isVariant": false, "link": "/en/3-25-homogenized-milk/p/20178677_EA", "productVendor": null, "productVariant": null, "textBadge": "", "variantTheme": null, "articleNumber": "20178677", "uom": "EA", "sponsoredCreative": null, "isSponsored": false, "isComplementarySponsored": false, "complementarySponsoredBadgeText": null, "productBadge": {"badgeId": "PREPARED_IN_CANADA", "badgeClass": "badge11", "text": "Prepared in Canada", "icon": {"url": "https://dis-prod.assetful.loblaw.ca/content/dam/loblaw-companies-limited/creative-assets/pc-optimum/global-list/maple-leaf-red.png", "altText": "", "placement": "LEFT"}}}}}
{"store": "No Frills", "site_slug": "nofrills", "source_url": "/search?search-bar=milk&page=1", "scrape_ts": "2025-12-20T23:00:11.308018Z", "external_id": "21163394_EA", "name": "2% Ultrafiltered Partly Skimmed Milk", "brand": "Neilson", "size_text": "1 l, $0.47/100ml", "price": 4.72, "currency": "CAD", "unit_price": 0.47, "unit_price_uom": "100ml", "image_url": "https://digital.loblaws.ca/PCX/21163394_EA/en/1/21163394_en_front_v2_800.png", "category_path": null, "availability": "in_stock", "raw_source": {"type": "next-data", "data": {"index": 27, "promotions": [], "productId": "21163394_EA", "productImage": [{"imageUrl": "https://digital.loblaws.ca/PCX/21163394_EA/en/1/21163394_en_front_v2_1200.png", "thumbnailUrl": "https://digital.loblaws.ca/PCX/21163394_EA/en/1/21163394_en_front_v2_120.png", "smallUrl": "https://digital.loblaws.ca/PCX/21163394_EA/en/1/21163394_en_front_v2_250.png", "mediumUrl": "https://digital.loblaws.ca/PCX/21163394_EA/en/1/21163394_en_front_v2_400.png", "largeUrl": "https://digital.loblaws.ca/PCX/21163394_EA/en/1/21163394_en_front_v2_800.png", "extraLargeUrl": "https://digital.loblaws.ca/PCX/21163394_EA/en/1/21163394_en_front_v2_1200.png", "smallRetinaUrl": "https://digital.loblaws.ca/PCX/21163394_EA/en/1/21163394_en_front_v2_250.png", "mediumRetinaUrl": "https://digital.loblaws.ca/PCX/21163394_EA/en/1/21163394_en_front_v2_400.png", "largeRetinaUrl": "https://digital.loblaws.ca/PCX/21163394_EA/en/1/21163394_en_front_v2_800.png"}], "brand": "Neilson", "title": "2% Ultrafiltered Partly Skimmed Milk", "description": "<p>Neilson. Part of your family since 1893.Neilson Ultrafiltered Partly Skimmed Milk offers a smooth, balanced taste with the power of 18 grams of protein from milk in every 250 mL serving. Made from 100% Canadian milk, it’s crafted using a fine filtration process that concentrates natural protein and reduces lactose. The result is a creamy, satisfying drink enriched with milk protein concentrate and no added sugar.</p>", "packageSizing": "1 l, $0.47/100ml", "pricing": {"price": "4.72", "wasPrice": null, "displayPrice": "$4.72", "memberOnlyPrice": null, "mopDisplayPrice": null, "ehfTotal": null, "environmentalHandlingFee": null, "taxInfo": ""}, "pricingUnits": {"type": "SOLD_BY_EACH", "unit": "ea", "interval": 1, "minOrderQuantity": 1, "maxOrderQuantity": 24, "weighted": false}, "deal": null, "mopDeal": null, "pcoDeal": null, "inventoryIndicator": {"indicatorId": "LOW", "text": "Low Stock"}, "offerType": "OG", "offerId": "OG", "action": null, "isVariant": false, "link": "/en/2-ultrafiltered-partly-skimmed-milk/p/21163394_EA", "productVendor": null, "productVariant": null, "textBadge": "low-inventory", "variantTheme": null, "articleNumber": "21163394", "uom": "EA", "sponsoredCreative": null, "isSponsored": false, "isComplementarySponsored": false, "complementarySponsoredBadgeText": null, "productBadge": {"badgeId": "PREPARED_IN_CANADA", "badgeClass": "badge11", "text": "Prepared in Canada", "icon": {"url": "https://dis-prod.assetful.loblaw.ca/content/dam/loblaw-companies-limited/creative-assets/pc-optimum/global-list/maple-leaf-red.png", "altText": "", "placement": "LEFT"}}}}}
{"store": "No Frills", "site_slug": "nofrills", "source_url": "/search?search-bar=milk&page=1", "scrape_ts": "2025-12-20T23:00:11.308018Z", "external_id": "20835553001_EA", "name": "Grass Fed 2% Milk", "brand": "Rolling Meadow", "size_text": "2 l, $0.33/100ml", "price": 6.5, "currency": "CAD", "unit_price": 0.33, "unit_price_uom": "100ml", "image_url": "https://digital.loblaws.ca/PCX/20835553001_EA/en/1/20835553001_en_front_v1_800.png", "category_path": null, "availability": "in_stock", "raw_source": {"type": "next-data", "data": {"index": 28, "promotions": [], "productId": "20835553001_EA", "productImage": [{"imageUrl": "https://digital.loblaws.ca/PCX/20835553001_EA/en/1/20835553001_en_front_v1_1200.png", "thumbnailUrl": "https://digital.loblaws.ca/PCX/20835553001_EA/en/1/20835553001_en_front_v1_120.png", "smallUrl": "https://digital.loblaws.ca/PCX/20835553001_EA/en/1/20835553001_en_front_v1_250.png", "mediumUrl": "https://digital.loblaws.ca/PCX/20835553001_EA/en/1/20835553001_en_front_v1_400.png", "largeUrl": "https://digital.loblaws.ca/PCX/20835553001_EA/en/1/20835553001_en_front_v1_800.png", "extraLargeUrl": "https://digital.loblaws.ca/PCX/20835553001_EA/en/1/20835553001_en_front_v1_1200.png", "smallRetinaUrl": "https://digital.loblaws.ca/PCX/20835553001_EA/en/1/20835553001_en_front_v1_250.png", "mediumRetinaUrl": "https://digital.loblaws.ca/PCX/20835553001_EA/en/1/20835553001_en_front_v1_400.png", "largeRetinaUrl": "https://digital.loblaws.ca/PCX/20835553001_EA/en/1/20835553001_en_front_v1_800.png"}], "brand": "Rolling Meadow", "title": "Grass Fed 2% Milk", "description": "Rich in nutrients, milk has been a food staple for centuries. Used in cooking, baking or simply as a wholesome beverage, Milk is a great way to get calcium and protein into your diet. Whole milk contains at least 3.25% milk fat. When a portion of the milk’s fat is removed, it becomes partly skimmed milk, such as 2% milk and 1% milk, depending on the quantity removed. Skim milk is virtually fat-free, with only about 0.1% fat.", "packageSizing": "2 l, $0.33/100ml", "pricing": {"price": "6.50", "wasPrice": "$6.99", "displayPrice": "$6.50", "memberOnlyPrice": null, "mopDisplayPrice": null, "ehfTotal": null, "environmentalHandlingFee": null, "taxInfo": ""}, "pricingUnits": {"type": "SOLD_BY_EACH", "unit": "ea", "interval": 1, "minOrderQuantity": 1, "maxOrderQuantity": 24, "weighted": false}, "deal": {"type": "SALE", "text": "SAVE $0.49", "points": 0, "name": "SALE", "expiryDate": "2025-12-24T00:00:00Z", "dealPrice": null}, "mopDeal": null, "pcoDeal": null, "inventoryIndicator": null, "offerType": "OG", "offerId": "OG", "action": null, "isVariant": false, "link": "/en/grass-fed-2-milk/p/20835553001_EA", "productVendor": null, "productVariant": null, "textBadge": "", "variantTheme": null, "articleNumber": "20835553001", "uom": "EA", "sponsoredCreative": null, "isSponsored": false, "isComplementarySponsored": false, "complementarySponsoredBadgeText": null, "productBadge": {"badgeId": "PREPARED_IN_CANADA", "badgeClass": "badge11", "text": "Prepared in Canada", "icon": {"url": "https://dis-prod.assetful.loblaw.ca/content/dam/loblaw-companies-limited/creative-assets/pc-optimum/global-list/maple-leaf-red.png", "altText": "", "placement": "LEFT"}}}}}
{"store": "No Frills", "site_slug": "nofrills", "source_url": "/search?search-bar=milk&page=1", "scrape_ts": "2025-12-20T23:00:11.308018Z", "external_id": "21424994_EA", "name": "PūrFiltre Milk 3.25% Homogenized", "brand": "Lactantia", "size_text": "2 l, $0.31/100ml", "price": 6.11, "currency": "CAD", "unit_price": 0.31, "unit_price_uom": "100ml", "image_url": "https://digital.loblaws.ca/PCX/21424994_EA/en/1/21424994_en_front_800.png", "category_path": null, "availability": "in_stock", "raw_source": {"type": "next-data", "data": {"index": 29, "promotions": [], "productId": "21424994_EA", "productImage": [{"imageUrl": "https://digital.loblaws.ca/PCX/21424994_EA/en/1/21424994_en_front_1200.png", "thumbnailUrl": "https://digital.loblaws.ca/PCX/21424994_EA/en/1/21424994_en_front_120.png", "smallUrl": "https://digital.loblaws.ca/PCX/21424994_EA/en/1/21424994_en_front_250.png", "mediumUrl": "https://digital.loblaws.ca/PCX/21424994_EA/en/1/21424994_en_front_400.png", "largeUrl": "https://digital.loblaws.ca/PCX/21424994_EA/en/1/21424994_en_front_800.png", "extraLargeUrl": "https://digital.loblaws.ca/PCX/21424994_EA/en/1/21424994_en_front_1200.png", "smallRetinaUrl": "https://digital.loblaws.ca/PCX/21424994_EA/en/1/21424994_en_front_250.png", "mediumRetinaUrl": "https://digital.loblaws.ca/PCX/21424994_EA/en/1/21424994_en_front_400.png", "largeRetinaUrl": "https://digital.loblaws.ca/PCX/21424994_EA/en/1/21424994_en_front_800.png"}], "brand": "Lactantia", "title": "PūrFiltre Milk 3.25% Homogenized", "description": null, "packageSizing": "2 l, $0.31/100ml", "pricing": {"price": "6.11", "wasPrice": null, "displayPrice": "$6.11", "memberOnlyPrice": null, "mopDisplayPrice": null, "ehfTotal": null, "environmentalHandlingFee": null, "taxInfo": ""}, "pricingUnits": {"type": "SOLD_BY_EACH", "unit": "ea", "interval": 1, "minOrderQuantity": 1, "maxOrderQuantity": 24, "weighted": false}, "deal": null, "mopDeal": null, "pcoDeal": null, "inventoryIndicator": null, "offerType": "OG", "offerId": "OG", "action": null, "isVariant": false, "link": "/en/p-rfiltre-milk-3-25-homogenized/p/21424994_EA", "productVendor": null, "productVariant": null, "textBadge": "", "variantTheme": null, "articleNumber": "21424994", "uom": "EA", "sponsoredCreative": null, "isSponsored": false, "isComplementarySponsored": false, "complementarySponsoredBadgeText": null, "productBadge": {"badgeId": "PREPARED_IN_CANADA", "badgeClass": "badge11", "text": "Prepared in Canada", "icon": {"url": "https://dis-prod.assetful.loblaw.ca/content/dam/loblaw-companies-limited/creative-assets/pc-optimum/global-list/maple-leaf-red.png", "altText": "", "placement": "LEFT"}}}}}
{"store": "No Frills", "site_slug": "nofrills", "source_url": "/search?search-bar=milk&page=1", "scrape_ts": "2025-12-20T23:00:11.308018Z", "external_id": "21694606_EA", "name": "Ultrapur Protein Ultra-Filtered Milk 3.25%", "brand": "Lactantia", "size_text": "1.5 l, $0.39/100ml", "price": 5.9, "currency": "CAD", "unit_price": 0.39, "unit_price_uom": "100ml", "image_url": "https://digital.loblaws.ca/PCX/21694606_EA/en/1/21694606_en_front_v1_800.png", "category_path": null, "availability": "in_stock", "raw_source": {"type": "next-data", "data": {"index": 30, "promotions": [], "productId": "21694606_EA", "productImage": [{"imageUrl": "https://digital.loblaws.ca/PCX/21694606_EA/en/1/21694606_en_front_v1_1200.png", "thumbnailUrl": "https://digital.loblaws.ca/PCX/21694606_EA/en/1/21694606_en_front_v1_120.png", "smallUrl": "https://digital.loblaws.ca/PCX/21694606_EA/en/1/21694606_en_front_v1_250.png", "mediumUrl": "https://digital.loblaws.ca/PCX/21694606_EA/en/1/21694606_en_front_v1_400.png", "largeUrl": "https://digital.loblaws.ca/PCX/21694606_EA/en/1/21694606_en_front_v1_800.png", "extraLargeUrl": "https://digital.loblaws.ca/PCX/21694606_EA/en/1/21694606_en_front_v1_1200.png", "smallRetinaUrl": "https://digital.loblaws.ca/PCX/21694606_EA/en/1/21694606_en_front_v1_250.png", "mediumRetinaUrl": "https://digital.loblaws.ca/PCX/21694606_EA/en/1/21694606_en_front_v1_400.png", "largeRetinaUrl": "https://digital.loblaws.ca/PCX/21694606_EA/en/1/21694606_en_front_v1_800.png"}], "brand": "Lactantia", "title": "Ultrapur Protein Ultra-Filtered Milk 3.25%", "description": "<p>Get more of what you want with Lactantia UltraPur Ultrafiltered Milk. Unlike regular milk, this whole high protein milk is also ideal for those who require lactose free milk. Sourced from Canadian dairies, every drop of this 3.25% high-protein milk is carefully filtered to provide a smooth, pure taste that stays fresh longer without preservatives. Source of 10 essential nutrients and no sugar added, this homogenized milk is a nutritious and delicious choice for the whole family. A delightful, refreshing choice on its own, with cereal, or in blended coffee drinks. Rediscover the power of farm-fresh flavour with ultrafiltered milk. Lactantia, for Milk Connoisseurs!</p><ul><li>Made with ultrafiltered milk that stays fresh longer without preservatives</li><li>100% Canadian milk from Canadian dairies</li><li>20g of protein per serving</li><li>Lactose free</li><li>3.25% M.F.</li><li>Source of 10 essential nutrients</li><li>No added sugar</li><li>1.5 L</li></ul>", "packageSizing": "1.5 l, $0.39/100ml", "pricing": {"price": "5.90", "wasPrice": null, "displayPrice": "$5.90", "memberOnlyPrice": null, "mopDisplayPrice": null, "ehfTotal": null, "environmentalHandlingFee": null, "taxInfo": ""}, "pricingUnits": {"type": "SOLD_BY_EACH", "unit": "ea", "interval": 1, "minOrderQuantity": 1, "maxOrderQuantity": 25, "weighted": false}, "deal": null, "mopDeal": null, "pcoDeal": null, "inventoryIndicator": null, "offerType": "OG", "offerId": "OG", "action": null, "isVariant": false, "link": "/en/ultrapur-protein-ultra-filtered-milk-3-25/p/21694606_EA", "productVendor": null, "productVariant": null, "textBadge": "", "variantTheme": null, "articleNumber": "21694606", "uom": "EA", "sponsoredCreative": null, "isSponsored": false, "isComplementarySponsored": false, "complementarySponsoredBadgeText": null, "productBadge": null}}}
{"store": "No Frills", "site_slug": "nofrills", "source_url": "/search?search-bar=milk&page=1", "scrape_ts": "2025-12-20T23:00:11.308018Z", "external_id": "21694529_EA", "name": "Ultrapur Protein Ultra-Filtered Milk 0%", "brand": "Lactantia", "size_text": "1.5 l, $0.39/100ml", "price": 5.9, "currency": "CAD", "unit_price": 0.39, "unit_price_uom": "100ml", "image_url": "https://digital.loblaws.ca/PCX/21694529_EA/en/1/21694529_en_front_v1_800.png", "category_path": null, "availability": "out_of_stock", "raw_source": {"type": "next-data", "data": {"index": 31, "promotions": [], "productId": "21694529_EA", "productImage": [{"imageUrl": "https://digital.loblaws.ca/PCX/21694529_EA/en/1/21694529_en_front_v1_1200.png", "thumbnailUrl": "https://digital.loblaws.ca/PCX/21694529_EA/en/1/21694529_en_front_v1_120.png", "smallUrl": "https://digital.loblaws.ca/PCX/21694529_EA/en/1/21694529_en_front_v1_250.png", "mediumUrl": "https://digital.loblaws.ca/PCX/21694529_EA/en/1/21694529_en_front_v1_400.png", "largeUrl": "https://digital.loblaws.ca/PCX/21694529_EA/en/1/21694529_en_front_v1_800.png", "extraLargeUrl": "https://digital.loblaws.ca/PCX/21694529_EA/en/1/21694529_en_front_v1_1200.png", "smallRetinaUrl": "https://digital.loblaws.ca/PCX/21694529_EA/en/1/21694529_en_front_v1_250.png", "mediumRetinaUrl": "https://digital.loblaws.ca/PCX/21694529_EA/en/1/21694529_en_front_v1_400.png", "largeRetinaUrl": "https://digital.loblaws.ca/PCX/21694529_EA/en/1/21694529_en_front_v1_800.png"}], "brand": "Lactantia", "title": "Ultrapur Protein Ultra-Filtered Milk 0%", "description": "<p>Get more of what you want with Lactantia UltraPur Ultrafiltered Milk. Unlike regular milk, this skimmed high protein milk is also ideal for those who require lactose free milk. Sourced from Canadian dairies, every drop of this 0% high-protein milk is carefully filtered to provide a smooth, pure taste that stays fresh longer without preservatives. Source of 10 essential nutrients and no sugar added, this fat-free milk is a nutritious and delicious choice for the whole family. A delightful, refreshing choice on its own, with cereal, or in blended coffee drinks. Rediscover the power of farm-fresh flavour with ultrafiltered milk. Lactantia, for Milk Connoisseurs!</p><ul><li>Made with ultrafiltered milk that stays fresh longer without preservatives</li><li>100% Canadian milk from Canadian dairies</li><li>20g of protein per serving</li><li>Lactose free</li><li>0% M.F.</li><li>Source of 10 essential nutrients</li><li>No added sugar</li><li>1.5 L</li></ul>", "packageSizing": "1.5 l, $0.39/100ml", "pricing": {"price": "5.90", "wasPrice": null, "displayPrice": "$5.90", "memberOnlyPrice": null, "mopDisplayPrice": null, "ehfTotal": null, "environmentalHandlingFee": null, "taxInfo": ""}, "pricingUnits": {"type": "SOLD_BY_EACH", "unit": "ea", "interval": 1, "minOrderQuantity": 1, "maxOrderQuantity": 25, "weighted": false}, "deal": null, "mopDeal": null, "pcoDeal": null, "inventoryIndicator": {"indicatorId": "OUT", "text": "Out of Stock"}, "offerType": "OG", "offerId": "OG", "action": null, "isVariant": false, "link": "/en/ultrapur-protein-ultra-filtered-milk-0/p/21694529_EA", "productVendor": null, "productVariant": null, "textBadge": "out-of-stock", "variantTheme": null, "articleNumber": "21694529", "uom": "EA", "sponsoredCreative": null, "isSponsored": false, "isComplementarySponsored": false, "complementarySponsoredBadgeText": null, "productBadge": null}}}
{"store": "No Frills", "site_slug": "nofrills", "source_url": "/search?search-bar=milk&page=1", "scrape_ts": "2025-12-20T23:00:11.308018Z", "external_id": "20075226_EA", "name": "0% Microfiltered Milk", "brand": "Neilson", "size_text": "4 l, $0.15/100ml", "price": 5.99, "currency": "CAD", "unit_price": 0.15, "unit_price_uom": "100ml", "image_url": "https://digital.loblaws.ca/PCX/20075226_EA/en/1/20075226_en_front_v1_800.png", "category_path": null, "availability": "in_stock", "raw_source": {"type": "next-data", "data": {"index": 32, "promotions": [], "productId": "20075226_EA", "productImage": [{"imageUrl": "https://digital.loblaws.ca/PCX/20075226_EA/en/1/20075226_en_front_v1_1200.png", "thumbnailUrl": "https://digital.loblaws.ca/PCX/20075226_EA/en/1/20075226_en_front_v1_120.png", "smallUrl": "https://digital.loblaws.ca/PCX/20075226_EA/en/1/20075226_en_front_v1_250.png", "mediumUrl": "https://digital.loblaws.ca/PCX/20075226_EA/en/1/20075226_en_front_v1_400.png", "largeUrl": "https://digital.loblaws.ca/PCX/20075226_EA/en/1/20075226_en_front_v1_800.png", "extraLargeUrl": "https://digital.loblaws.ca/PCX/20075226_EA/en/1/20075226_en_front_v1_1200.png", "smallRetinaUrl": "https://digital.loblaws.ca/PCX/20075226_EA/en/1/20075226_en_front_v1_250.png", "mediumRetinaUrl": "https://digital.loblaws.ca/PCX/20075226_EA/en/1/20075226_en_front_v1_400.png", "largeRetinaUrl": "https://digital.loblaws.ca/PCX/20075226_EA/en/1/20075226_en_front_v1_800.png"}], "brand": "Neilson", "title": "0% Microfiltered Milk", "description": "Fresh, wholesome milk… naturally from Neilson.Since 1893, Neilson has stood for high quality dairy products. Neilson has always been committed to using the best ingredients, people and processes to produce great tasting quality milk you can depend on. Always fresh, always delicious and always an excellent source of calcium, protein and vitamin D.", "packageSizing": "4 l, $0.15/100ml", "pricing": {"price": "5.99", "wasPrice": null, "displayPrice": "$5.99", "memberOnlyPrice": null, "mopDisplayPrice": null, "ehfTotal": null, "environmentalHandlingFee": null, "taxInfo": ""}, "pricingUnits": {"type": "SOLD_BY_EACH", "unit": "ea", "interval": 1, "minOrderQuantity": 1, "maxOrderQuantity": 24, "weighted": false}, "deal": null, "mopDeal": null, "pcoDeal": null, "inventoryIndicator": null, "offerType": "OG", "offerId": "OG", "action": null, "isVariant": false, "link": "/en/0-microfiltered-milk/p/20075226_EA", "productVendor": null, "productVariant": null, "textBadge": "", "variantTheme": null, "articleNumber": "20075226", "uom": "EA", "sponsoredCreative": null, "isSponsored": false, "isComplementarySponsored": false, "complementarySponsoredBadgeText": null, "productBadge": {"badgeId": "PREPARED_IN_CANADA", "badgeClass": "badge11", "text": "Prepared in Canada", "icon": {"url": "https://dis-prod.assetful.loblaw.ca/content/dam/loblaw-companies-limited/creative-assets/pc-optimum/global-list/maple-leaf-red.png", "altText": "", "placement": "LEFT"}}}}}
{"store": "No Frills", "site_slug": "nofrills", "source_url": "/search?search-bar=milk&page=1", "scrape_ts": "2025-12-20T23:00:11.308018Z", "external_id": "21239130_EA", "name": "Ultrapur Ultra-Filtered Chocolate Milk 1%", "brand": "Lactantia", "size_text": "1.5 l, $0.39/100ml", "price": 5.9, "currency": "CAD", "unit_price": 0.39, "unit_price_uom": "100ml", "image_url": "https://digital.loblaws.ca/PCX/21239130_EA/en/1/21239130_en_front_v1_800.png", "category_path": null, "availability": "in_stock", "raw_source": {"type": "next-data", "data": {"index": 33, "promotions": [], "productId": "21239130_EA", "productImage": [{"imageUrl": "https://digital.loblaws.ca/PCX/21239130_EA/en/1/21239130_en_front_v1_1200.png", "thumbnailUrl": "https://digital.loblaws.ca/PCX/21239130_EA/en/1/21239130_en_front_v1_120.png", "smallUrl": "https://digital.loblaws.ca/PCX/21239130_EA/en/1/21239130_en_front_v1_250.png", "mediumUrl": "https://digital.loblaws.ca/PCX/21239130_EA/en/1/21239130_en_front_v1_400.png", "largeUrl": "https://digital.loblaws.ca/PCX/21239130_EA/en/1/21239130_en_front_v1_800.png", "extraLargeUrl": "https://digital.loblaws.ca/PCX/21239130_EA/en/1/21239130_en_front_v1_1200.png", "smallRetinaUrl": "https://digital.loblaws.ca/PCX/21239130_EA/en/1/21239130_en_front_v1_250.png", "mediumRetinaUrl": "https://digital.loblaws.ca/PCX/21239130_EA/en/1/21239130_en_front_v1_400.png", "largeRetinaUrl": "https://digital.loblaws.ca/PCX/21239130_EA/en/1/21239130_en_front_v1_800.png"}], "brand": "Lactantia", "title": "Ultrapur Ultra-Filtered Chocolate Milk 1%", "description": "<p>Get more of what you want with a delicious twist with Lactantia UltraPur Chocolate Milk. This partly skimmed milk contains 50% more protein than regular chocolate milk and is made with no artificial sweeteners. Sourced from Canadian dairies, every drop of this high-protein 1% milk is carefully filtered to provide a smooth, pure taste that stays fresh longer without preservatives. Source of 10 essential nutrients, this low-fat milk is a nutritious and delicious choice for the whole family. Rediscover the power of farm-fresh flavour with ultrafiltered milk. Lactantia, for Milk Connoisseurs!</p><ul><li>Made with ultrafiltered milk that stays fresh longer without preservatives</li><li>Delicious chocolate flavour</li><li>No artificial sweeteners</li><li>100% Canadian milk from Canadian dairies</li><li>14g of protein per serving</li><li>1% M.F.</li><li>Source of 10 essential nutrients</li><li>No added sugar</li><li>1.5 L</li></ul>", "packageSizing": "1.5 l, $0.39/100ml", "pricing": {"price": "5.90", "wasPrice": null, "displayPrice": "$5.90", "memberOnlyPrice": null, "mopDisplayPrice": null, "ehfTotal": null, "environmentalHandlingFee": null, "taxInfo": ""}, "pricingUnits": {"type": "SOLD_BY_EACH", "unit": "ea", "interval": 1, "minOrderQuantity": 1, "maxOrderQuantity": 24, "weighted": false}, "deal": null, "mopDeal": null, "pcoDeal": null, "inventoryIndicator": null, "offerType": "OG", "offerId": "OG", "action": null, "isVariant": false, "link": "/en/ultrapur-ultra-filtered-chocolate-milk-1/p/21239130_EA", "productVendor": null, "productVariant": null, "textBadge": "", "variantTheme": null, "articleNumber": "21239130", "uom": "EA", "sponsoredCreative": null, "isSponsored": false, "isComplementarySponsored": false, "complementarySponsoredBadgeText": null, "productBadge": {"badgeId": "PREPARED_IN_CANADA", "badgeClass": "badge11", "text": "Prepared in Canada", "icon": {"url": "https://dis-prod.assetful.loblaw.ca/content/dam/loblaw-companies-limited/creative-assets/pc-optimum/global-list/maple-leaf-red.png", "altText": "", "placement": "LEFT"}}}}}
{"store": "No Frills", "site_slug": "nofrills", "source_url": "/search?search-bar=milk&page=1", "scrape_ts": "2025-12-20T23:00:11.308018Z", "external_id": "20107219004_EA", "name": "Almond Breeze Natural Almond, Unsweetened", "brand": "Blue Diamond", "size_text": "946 ml, $0.32/100ml", "price": 3.0, "currency": "CAD", "unit_price": 0.32, "unit_price_uom": "100ml", "image_url": "https://digital.loblaws.ca/PCX/20107219004_EA/en/1/20107219004_en_front_800.png", "category_path": null, "availability": "in_stock", "raw_source": {"type": "next-data", "data": {"index": 34, "promotions": [], "productId": "20107219004_EA", "productImage": [{"imageUrl": "https://digital.loblaws.ca/PCX/20107219004_EA/en/1/20107219004_en_front_1200.png", "thumbnailUrl": "https://digital.loblaws.ca/PCX/20107219004_EA/en/1/20107219004_en_front_120.png", "smallUrl": "https://digital.loblaws.ca/PCX/20107219004_EA/en/1/20107219004_en_front_250.png", "mediumUrl": "https://digital.loblaws.ca/PCX/20107219004_EA/en/1/20107219004_en_front_400.png", "largeUrl": "https://digital.loblaws.ca/PCX/20107219004_EA/en/1/20107219004_en_front_800.png", "extraLargeUrl": "https://digital.loblaws.ca/PCX/20107219004_EA/en/1/20107219004_en_front_1200.png", "smallRetinaUrl": "https://digital.loblaws.ca/PCX/20107219004_EA/en/1/20107219004_en_front_250.png", "mediumRetinaUrl": "https://digital.loblaws.ca/PCX/20107219004_EA/en/1/20107219004_en_front_400.png", "largeRetinaUrl": "https://digital.loblaws.ca/PCX/20107219004_EA/en/1/20107219004_en_front_800.png"}], "brand": "Blue Diamond", "title": "Almond Breeze Natural Almond, Unsweetened", "description": "Blue Diamond's Almond Breeze Unsweetened beverage is an excellent addition to your daily routine. Use it in your morning cereals or as a base for your homemade sauces to enhance your meals with ease. Blue Diamond's Almond Breeze provides a simple way to incorporate plant-based options into your diet.", "packageSizing": "946 ml, $0.32/100ml", "pricing": {"price": "3.00", "wasPrice": null, "displayPrice": "$3.00", "memberOnlyPrice": null, "mopDisplayPrice": null, "ehfTotal": null, "environmentalHandlingFee": null, "taxInfo": ""}, "pricingUnits": {"type": "SOLD_BY_EACH", "unit": "ea", "interval": 1, "minOrderQuantity": 1, "maxOrderQuantity": 24, "weighted": false}, "deal": null, "mopDeal": null, "pcoDeal": null, "inventoryIndicator": null, "offerType": "OG", "offerId": "OG", "action": null, "isVariant": false, "link": "/en/almond-breeze-natural-almond-unsweetened/p/20107219004_EA", "productVendor": null, "productVariant": null, "textBadge": "", "variantTheme": null, "articleNumber": "20107219004", "uom": "EA", "sponsoredCreative": null, "isSponsored": false, "isComplementarySponsored": false, "complementarySponsoredBadgeText": null, "productBadge": {"badgeId": "SUBSCRIBE_EARN", "badgeClass": "badge06", "text": "Subscribe & Earn", "icon": null}}}}
{"store": "No Frills", "site_slug": "nofrills", "source_url": "/search?search-bar=milk&page=1", "scrape_ts": "2025-12-20T23:00:11.308018Z", "external_id": "20172914_EA", "name": "0% Skim Milk", "brand": "Neilson", "size_text": "4 l, $0.16/100ml", "price": 6.25, "currency": "CAD", "unit_price": 0.16, "unit_price_uom": "100ml", "image_url": "https://digital.loblaws.ca/PCX/20172914_EA/en/1/20172914_en_front_v1_800.png", "category_path": null, "availability": "in_stock", "raw_source": {"type": "next-data", "data": {"index": 35, "promotions": [], "productId": "20172914_EA", "productImage": [{"imageUrl": "https://digital.loblaws.ca/PCX/20172914_EA/en/1/20172914_en_front_v1_1200.png", "thumbnailUrl": "https://digital.loblaws.ca/PCX/20172914_EA/en/1/20172914_en_front_v1_120.png", "smallUrl": "https://digital.loblaws.ca/PCX/20172914_EA/en/1/20172914_en_front_v1_250.png", "mediumUrl": "https://digital.loblaws.ca/PCX/20172914_EA/en/1/20172914_en_front_v1_400.png", "largeUrl": "https://digital.loblaws.ca/PCX/20172914_EA/en/1/20172914_en_front_v1_800.png", "extraLargeUrl": "https://digital.loblaws.ca/PCX/20172914_EA/en/1/20172914_en_front_v1_1200.png", "smallRetinaUrl": "https://digital.loblaws.ca/PCX/20172914_EA/en/1/20172914_en_front_v1_250.png", "mediumRetinaUrl": "https://digital.loblaws.ca/PCX/20172914_EA/en/1/20172914_en_front_v1_400.png", "largeRetinaUrl": "https://digital.loblaws.ca/PCX/20172914_EA/en/1/20172914_en_front_v1_800.png"}], "brand": "Neilson", "title": "0% Skim Milk", "description": "Fresh, wholesome milk… naturally from Neilson.Since 1893, Neilson has stood for high quality dairy products. Neilson has always been committed to using the best ingredients, people and processes to produce great tasting quality milk you can depend on. Always fresh, always delicious and always an excellent source of calcium, protein and vitamin D.", "packageSizing": "4 l, $0.16/100ml", "pricing": {"price": "6.25", "wasPrice": null, "displayPrice": "$6.25", "memberOnlyPrice": null, "mopDisplayPrice": null, "ehfTotal": null, "environmentalHandlingFee": null, "taxInfo": ""}, "pricingUnits": {"type": "SOLD_BY_EACH", "unit": "ea", "interval": 1, "minOrderQuantity": 1, "maxOrderQuantity": 24, "weighted": false}, "deal": null, "mopDeal": null, "pcoDeal": null, "inventoryIndicator": null, "offerType": "OG", "offerId": "OG", "action": null, "isVariant": false, "link": "/en/0-skim-milk/p/20172914_EA", "productVendor": null, "productVariant": null, "textBadge": "", "variantTheme": null, "articleNumber": "20172914", "uom": "EA", "sponsoredCreative": null, "isSponsored": false, "isComplementarySponsored": false, "complementarySponsoredBadgeText": null, "productBadge": {"badgeId": "PREPARED_IN_CANADA", "badgeClass": "badge11", "text": "Prepared in Canada", "icon": {"url": "https://dis-prod.assetful.loblaw.ca/content/dam/loblaw-companies-limited/creative-assets/pc-optimum/global-list/maple-leaf-red.png", "altText": "", "placement": "LEFT"}}}}}
{"store": "No Frills", "site_slug": "nofrills", "source_url": "/search?search-bar=milk&page=1", "scrape_ts": "2025-12-20T23:00:11.308018Z", "external_id": "21163398_EA", "name": "3.25% Ultrafiltered Homogenized Milk", "brand": "Neilson", "size_text": "1 l, $0.47/100ml", "price": 4.72, "currency": "CAD", "unit_price": 0.47, "unit_price_uom": "100ml", "image_url": "https://digital.loblaws.ca/PCX/21163398_EA/en/1/21163398_en_front_v2_800.png", "category_path": null, "availability": "out_of_stock", "raw_source": {"type": "next-data", "data": {"index": 36, "promotions": [], "productId": "21163398_EA", "productImage": [{"imageUrl": "https://digital.loblaws.ca/PCX/21163398_EA/en/1/21163398_en_front_v2_1200.png", "thumbnailUrl": "https://digital.loblaws.ca/PCX/21163398_EA/en/1/21163398_en_front_v2_120.png", "smallUrl": "https://digital.loblaws.ca/PCX/21163398_EA/en/1/21163398_en_front_v2_250.png", "mediumUrl": "https://digital.loblaws.ca/PCX/21163398_EA/en/1/21163398_en_front_v2_400.png", "largeUrl": "https://digital.loblaws.ca/PCX/21163398_EA/en/1/21163398_en_front_v2_800.png", "extraLargeUrl": "https://digital.loblaws.ca/PCX/21163398_EA/en/1/21163398_en_front_v2_1200.png", "smallRetinaUrl": "https://digital.loblaws.ca/PCX/21163398_EA/en/1/21163398_en_front_v2_250.png", "mediumRetinaUrl": "https://digital.loblaws.ca/PCX/21163398_EA/en/1/21163398_en_front_v2_400.png", "largeRetinaUrl": "https://digital.loblaws.ca/PCX/21163398_EA/en/1/21163398_en_front_v2_800.png"}], "brand": "Neilson", "title": "3.25% Ultrafiltered Homogenized Milk", "description": "<p>Neilson. Part of your family since 1893.Neilson Ultrafiltered Milk delivers a rich, creamy texture with 18 grams of protein from milk in every 250 mL glass. Made with 100% Canadian milk, it’s processed through a fine filtration system that naturally concentrates protein and reduces lactose. The result is a refreshing drink enriched with milk protein concentrate, offering a nourishing and satisfying experience.</p>", "packageSizing": "1 l, $0.47/100ml", "pricing": {"price": "4.72", "wasPrice": null, "displayPrice": "$4.72", "memberOnlyPrice": null, "mopDisplayPrice": null, "ehfTotal": null, "environmentalHandlingFee": null, "taxInfo": ""}, "pricingUnits": {"type": "SOLD_BY_EACH", "unit": "ea", "interval": 1, "minOrderQuantity": 1, "maxOrderQuantity": 24, "weighted": false}, "deal": null, "mopDeal": null, "pcoDeal": null, "inventoryIndicator": {"indicatorId": "OUT", "text": "Out of Stock"}, "offerType": "OG", "offerId": "OG", "action": null, "isVariant": false, "link": "/en/3-25-ultrafiltered-homogenized-milk/p/21163398_EA", "productVendor": null, "productVariant": null, "textBadge": "out-of-stock", "variantTheme": null, "articleNumber": "21163398", "uom": "EA", "sponsoredCreative": null, "isSponsored": false, "isComplementarySponsored": false, "complementarySponsoredBadgeText": null, "productBadge": {"badgeId": "PREPARED_IN_CANADA", "badgeClass": "badge11", "text": "Prepared in Canada", "icon": {"url": "https://dis-prod.assetful.loblaw.ca/content/dam/loblaw-companies-limited/creative-assets/pc-optimum/global-list/maple-leaf-red.png", "altText": "", "placement": "LEFT"}}}}}
{"store": "No Frills", "site_slug": "nofrills", "source_url": "/search?search-bar=milk&page=1", "scrape_ts": "2025-12-20T23:00:11.308018Z", "external_id": "21128371_EA", "name": "Chocolate Milk", "brand": "Fairlife", "size_text": "1.5 l, $0.50/100ml", "price": 7.49, "currency": "CAD", "unit_price": 0.5, "unit_price_uom": "100ml", "image_url": "https://digital.loblaws.ca/PCX/21128371_EA/en/1/21128371_en_front_v2_800.png", "category_path": null, "availability": "in_stock", "raw_source": {"type": "next-data", "data": {"index": 37, "promotions": [], "productId": "21128371_EA", "productImage": [{"imageUrl": "https://digital.loblaws.ca/PCX/21128371_EA/en/1/21128371_en_front_v2_1200.png", "thumbnailUrl": "https://digital.loblaws.ca/PCX/21128371_EA/en/1/21128371_en_front_v2_120.png", "smallUrl": "https://digital.loblaws.ca/PCX/21128371_EA/en/1/21128371_en_front_v2_250.png", "mediumUrl": "https://digital.loblaws.ca/PCX/21128371_EA/en/1/21128371_en_front_v2_400.png", "largeUrl": "https://digital.loblaws.ca/PCX/21128371_EA/en/1/21128371_en_front_v2_800.png", "extraLargeUrl": "https://digital.loblaws.ca/PCX/21128371_EA/en/1/21128371_en_front_v2_1200.png", "smallRetinaUrl": "https://digital.loblaws.ca/PCX/21128371_EA/en/1/21128371_en_front_v2_250.png", "mediumRetinaUrl": "https://digital.loblaws.ca/PCX/21128371_EA/en/1/21128371_en_front_v2_400.png", "largeRetinaUrl": "https://digital.loblaws.ca/PCX/21128371_EA/en/1/21128371_en_front_v2_800.png"}], "brand": "Fairlife", "title": "Chocolate Milk", "description": "<p>We are driven by a simple belief: we can always make the world better. Proper nourishment allows us all to grow and thrive. All our milk flows through soft filters to concentrate protein while filtering out half of the natural sugars. Our delicious fairlife ultra-filtered milk has 50% less sugar and 50% more protein than regular chocolate milk. Plus, there are no artificial growth hormones used and it's lactose-free. So sip, drink, and chug as you enjoy our delicious ultra-filtered milk, eh?</p><ul><li>Made with 100% quality Canadian milk</li><li>50% less sugar and 50% more protein than regular chocolate milk</li><li>Delicious, satisfying, and lactose-free</li><li>No artificial growth hormones used</li></ul>", "packageSizing": "1.5 l, $0.50/100ml", "pricing": {"price": "7.49", "wasPrice": null, "displayPrice": "$7.49", "memberOnlyPrice": null, "mopDisplayPrice": null, "ehfTotal": null, "environmentalHandlingFee": null, "taxInfo": ""}, "pricingUnits": {"type": "SOLD_BY_EACH", "unit": "ea", "interval": 1, "minOrderQuantity": 1, "maxOrderQuantity": 24, "weighted": false}, "deal": null, "mopDeal": null, "pcoDeal": null, "inventoryIndicator": null, "offerType": "OG", "offerId": "OG", "action": null, "isVariant": false, "link": "/en/chocolate-milk/p/21128371_EA", "productVendor": null, "productVariant": null, "textBadge": "", "variantTheme": null, "articleNumber": "21128371", "uom": "EA", "sponsoredCreative": null, "isSponsored": false, "isComplementarySponsored": false, "complementarySponsoredBadgeText": null, "productBadge": {"badgeId": "PREPARED_IN_CANADA", "badgeClass": "badge11", "text": "Prepared in Canada", "icon": {"url": "https://dis-prod.assetful.loblaw.ca/content/dam/loblaw-companies-limited/creative-assets/pc-optimum/global-list/maple-leaf-red.png", "altText": "", "placement": "LEFT"}}}}}
{"store": "No Frills", "site_slug": "nofrills", "source_url": "/search?search-bar=milk&page=1", "scrape_ts": "2025-12-20T23:00:11.308018Z", "external_id": "20164009_EA", "name": "1% Microfiltered Milk", "brand": "Neilson", "size_text": "1 l, $0.39/100ml", "price": 3.89, "currency": "CAD", "unit_price": 0.39, "unit_price_uom": "100ml", "image_url": "https://digital.loblaws.ca/PCX/20164009_EA/en/1/20164009_en_front_800.png", "category_path": null, "availability": "in_stock", "raw_source": {"type": "next-data", "data": {"index": 38, "promotions": [], "productId": "20164009_EA", "productImage": [{"imageUrl": "https://digital.loblaws.ca/PCX/20164009_EA/en/1/20164009_en_front_1200.png", "thumbnailUrl": "https://digital.loblaws.ca/PCX/20164009_EA/en/1/20164009_en_front_120.png", "smallUrl": "https://digital.loblaws.ca/PCX/20164009_EA/en/1/20164009_en_front_250.png", "mediumUrl": "https://digital.loblaws.ca/PCX/20164009_EA/en/1/20164009_en_front_400.png", "largeUrl": "https://digital.loblaws.ca/PCX/20164009_EA/en/1/20164009_en_front_800.png", "extraLargeUrl": "https://digital.loblaws.ca/PCX/20164009_EA/en/1/20164009_en_front_1200.png", "smallRetinaUrl": "https://digital.loblaws.ca/PCX/20164009_EA/en/1/20164009_en_front_250.png", "mediumRetinaUrl": "https://digital.loblaws.ca/PCX/20164009_EA/en/1/20164009_en_front_400.png", "largeRetinaUrl": "https://digital.loblaws.ca/PCX/20164009_EA/en/1/20164009_en_front_800.png"}], "brand": "Neilson", "title": "1% Microfiltered Milk", "description": "Fresh, wholesome milk… naturally from Neilson.Since 1893, Neilson has stood for high quality dairy products. Neilson has always been committed to using the best ingredients, people and processes to produce great tasting quality milk you can depend on. Always fresh, always delicious and always an excellent source of calcium, protein and vitamin D.", "packageSizing": "1 l, $0.39/100ml", "pricing": {"price": "3.89", "wasPrice": null, "displayPrice": "$3.89", "memberOnlyPrice": null, "mopDisplayPrice": null, "ehfTotal": null, "environmentalHandlingFee": null, "taxInfo": ""}, "pricingUnits": {"type": "SOLD_BY_EACH", "unit": "ea", "interval": 1, "minOrderQuantity": 1, "maxOrderQuantity": 24, "weighted": false}, "deal": null, "mopDeal": null, "pcoDeal": null, "inventoryIndicator": null, "offerType": "OG", "offerId": "OG", "action": null, "isVariant": false, "link": "/en/1-microfiltered-milk/p/20164009_EA", "productVendor": null, "productVariant": null, "textBadge": "", "variantTheme": null, "articleNumber": "20164009", "uom": "EA", "sponsoredCreative": null, "isSponsored": false, "isComplementarySponsored": false, "complementarySponsoredBadgeText": null, "productBadge": {"badgeId": "PREPARED_IN_CANADA", "badgeClass": "badge11", "text": "Prepared in Canada", "icon": {"url": "https://dis-prod.assetful.loblaw.ca/content/dam/loblaw-companies-limited/creative-assets/pc-optimum/global-list/maple-leaf-red.png", "altText": "", "placement": "LEFT"}}}}}
{"store": "No Frills", "site_slug": "nofrills", "source_url": "/search?search-bar=milk&page=1", "scrape_ts": "2025-12-20T23:00:11.308018Z", "external_id": "21212714_EA", "name": "Grass Fed 3.8% Milk", "brand": "Rolling Meadow", "size_text": "2 l, $0.35/100ml", "price": 7.0, "currency": "CAD", "unit_price": 0.35, "unit_price_uom": "100ml", "image_url": "https://digital.loblaws.ca/PCX/21212714_EA/en/1/6232580038_en_front_centre_marketing_GS1_Ecommerce_800.png", "category_path": null, "availability": "in_stock", "raw_source": {"type": "next-data", "data": {"index": 39, "promotions": [], "productId": "21212714_EA", "productImage": [{"imageUrl": "https://digital.loblaws.ca/PCX/21212714_EA/en/1/6232580038_en_front_centre_marketing_GS1_Ecommerce_1200.png", "thumbnailUrl": "https://digital.loblaws.ca/PCX/21212714_EA/en/1/6232580038_en_front_centre_marketing_GS1_Ecommerce_120.png", "smallUrl": "https://digital.loblaws.ca/PCX/21212714_EA/en/1/6232580038_en_front_centre_marketing_GS1_Ecommerce_250.png", "mediumUrl": "https://digital.loblaws.ca/PCX/21212714_EA/en/1/6232580038_en_front_centre_marketing_GS1_Ecommerce_400.png", "largeUrl": "https://digital.loblaws.ca/PCX/21212714_EA/en/1/6232580038_en_front_centre_marketing_GS1_Ecommerce_800.png", "extraLargeUrl": "https://digital.loblaws.ca/PCX/21212714_EA/en/1/6232580038_en_front_centre_marketing_GS1_Ecommerce_1200.png", "smallRetinaUrl": "https://digital.loblaws.ca/PCX/21212714_EA/en/1/6232580038_en_front_centre_marketing_GS1_Ecommerce_250.png", "mediumRetinaUrl": "https://digital.loblaws.ca/PCX/21212714_EA/en/1/6232580038_en_front_centre_marketing_GS1_Ecommerce_400.png", "largeRetinaUrl": "https://digital.loblaws.ca/PCX/21212714_EA/en/1/6232580038_en_front_centre_marketing_GS1_Ecommerce_800.png"}], "brand": "Rolling Meadow", "title": "Grass Fed 3.8% Milk", "description": "Elevate your daily routine with Grass Fed 3. 8 % Milk from Rolling Meadow. Make a creamy morning coffee or whip up a comforting homemade pudding, all while enjoying the rich texture and flavour. This milk promises to be a great addition to your kitchen staples, perfect for various everyday recipes.", "packageSizing": "2 l, $0.35/100ml", "pricing": {"price": "7.00", "wasPrice": "$7.49", "displayPrice": "$7.00", "memberOnlyPrice": null, "mopDisplayPrice": null, "ehfTotal": null, "environmentalHandlingFee": null, "taxInfo": ""}, "pricingUnits": {"type": "SOLD_BY_EACH", "unit": "ea", "interval": 1, "minOrderQuantity": 1, "maxOrderQuantity": 24, "weighted": false}, "deal": {"type": "SALE", "text": "SAVE $0.49", "points": 0, "name": "SALE", "expiryDate": "2025-12-24T00:00:00Z", "dealPrice": null}, "mopDeal": null, "pcoDeal": null, "inventoryIndicator": null, "offerType": "OG", "offerId": "OG", "action": null, "isVariant": false, "link": "/en/grass-fed-3-8-milk/p/21212714_EA", "productVendor": null, "productVariant": null, "textBadge": "", "variantTheme": null, "articleNumber": "21212714", "uom": "EA", "sponsoredCreative": null, "isSponsored": false, "isComplementarySponsored": false, "complementarySponsoredBadgeText": null, "productBadge": {"badgeId": "PREPARED_IN_CANADA", "badgeClass": "badge11", "text": "Prepared in Canada", "icon": {"url": "https://dis-prod.assetful.loblaw.ca/content/dam/loblaw-companies-limited/creative-assets/pc-optimum/global-list/maple-leaf-red.png", "altText": "", "placement": "LEFT"}}}}}
{"store": "No Frills", "site_slug": "nofrills", "source_url": "/search?search-bar=milk&page=1", "scrape_ts": "2025-12-20T23:00:11.308018Z", "external_id": "20896887_EA", "name": "Evaporated Milk", "brand": "Carnation", "size_text": "354 ml, $0.49/100ml", "price": 1.75, "currency": "CAD", "unit_price": 0.49, "unit_price_uom": "100ml", "image_url": "https://digital.loblaws.ca/PCX/20896887_EA/en/1/5900000311_en_front_centre_marketing_GS1_Ecommerce_800.png", "category_path": null, "availability": "in_stock", "raw_source": {"type": "next-data", "data": {"index": 40, "promotions": [], "productId": "20896887_EA", "productImage": [{"imageUrl": "https://digital.loblaws.ca/PCX/20896887_EA/en/1/5900000311_en_front_centre_marketing_GS1_Ecommerce_1200.png", "thumbnailUrl": "https://digital.loblaws.ca/PCX/20896887_EA/en/1/5900000311_en_front_centre_marketing_GS1_Ecommerce_120.png", "smallUrl": "https://digital.loblaws.ca/PCX/20896887_EA/en/1/5900000311_en_front_centre_marketing_GS1_Ecommerce_250.png", "mediumUrl": "https://digital.loblaws.ca/PCX/20896887_EA/en/1/5900000311_en_front_centre_marketing_GS1_Ecommerce_400.png", "largeUrl": "https://digital.loblaws.ca/PCX/20896887_EA/en/1/5900000311_en_front_centre_marketing_GS1_Ecommerce_800.png", "extraLargeUrl": "https://digital.loblaws.ca/PCX/20896887_EA/en/1/5900000311_en_front_centre_marketing_GS1_Ecommerce_1200.png", "smallRetinaUrl": "https://digital.loblaws.ca/PCX/20896887_EA/en/1/5900000311_en_front_centre_marketing_GS1_Ecommerce_250.png", "mediumRetinaUrl": "https://digital.loblaws.ca/PCX/20896887_EA/en/1/5900000311_en_front_centre_marketing_GS1_Ecommerce_400.png", "largeRetinaUrl": "https://digital.loblaws.ca/PCX/20896887_EA/en/1/5900000311_en_front_centre_marketing_GS1_Ecommerce_800.png"}], "brand": "Carnation", "title": "Evaporated Milk", "description": "Carnation Evaporated Milk is a shelf stable milk that is richer and creamier than milk because some of the water has been removed. With a slight carmelized flavour, it's a easy and delicious ingredient to bake and cook with.", "packageSizing": "354 ml, $0.49/100ml", "pricing": {"price": "1.75", "wasPrice": "$2.50", "displayPrice": "$1.75", "memberOnlyPrice": null, "mopDisplayPrice": null, "ehfTotal": null, "environmentalHandlingFee": null, "taxInfo": ""}, "pricingUnits": {"type": "SOLD_BY_EACH", "unit": "ea", "interval": 1, "minOrderQuantity": 1, "maxOrderQuantity": 24, "weighted": false}, "deal": {"type": "SALE", "text": "SAVE $0.75", "points": 0, "name": "SALE", "expiryDate": "2025-12-24T00:00:00Z", "dealPrice": null}, "mopDeal": null, "pcoDeal": null, "inventoryIndicator": null, "offerType": "OG", "offerId": "OG", "action": null, "isVariant": false, "link": "/en/evaporated-milk/p/20896887_EA", "productVendor": null, "productVariant": null, "textBadge": "", "variantTheme": null, "articleNumber": "20896887", "uom": "EA", "sponsoredCreative": null, "isSponsored": false, "isComplementarySponsored": false, "complementarySponsoredBadgeText": null, "productBadge": {"badgeId": "PREPARED_IN_CANADA", "badgeClass": "badge11", "text": "Prepared in Canada", "icon": {"url": "https://dis-prod.assetful.loblaw.ca/content/dam/loblaw-companies-limited/creative-assets/pc-optimum/global-list/maple-leaf-red.png", "altText": "", "placement": "LEFT"}}}}}
{"store": "No Frills", "site_slug": "nofrills", "source_url": "/search?search-bar=milk&page=1", "scrape_ts": "2025-12-20T23:00:11.308018Z", "external_id": "21065263_EA", "name": "1% Chocolate Partly Skimmed Milk", "brand": "Milk 2 Go", "size_text": "6x200.0 ml, $565.83/100ml", "price": 6.79, "currency": "CAD", "unit_price": 565.83, "unit_price_uom": "100ml", "image_url": "https://digital.loblaws.ca/PCX/21065263_EA/en/1/21065263_en_front_v1_800.png", "category_path": null, "availability": "in_stock", "raw_source": {"type": "next-data", "data": {"index": 41, "promotions": [], "productId": "21065263_EA", "productImage": [{"imageUrl": "https://digital.loblaws.ca/PCX/21065263_EA/en/1/21065263_en_front_v1_1200.png", "thumbnailUrl": "https://digital.loblaws.ca/PCX/21065263_EA/en/1/21065263_en_front_v1_120.png", "smallUrl": "https://digital.loblaws.ca/PCX/21065263_EA/en/1/21065263_en_front_v1_250.png", "mediumUrl": "https://digital.loblaws.ca/PCX/21065263_EA/en/1/21065263_en_front_v1_400.png", "largeUrl": "https://digital.loblaws.ca/PCX/21065263_EA/en/1/21065263_en_front_v1_800.png", "extraLargeUrl": "https://digital.loblaws.ca/PCX/21065263_EA/en/1/21065263_en_front_v1_1200.png", "smallRetinaUrl": "https://digital.loblaws.ca/PCX/21065263_EA/en/1/21065263_en_front_v1_250.png", "mediumRetinaUrl": "https://digital.loblaws.ca/PCX/21065263_EA/en/1/21065263_en_front_v1_400.png", "largeRetinaUrl": "https://digital.loblaws.ca/PCX/21065263_EA/en/1/21065263_en_front_v1_800.png"}], "brand": "Milk 2 Go", "title": "1% Chocolate Partly Skimmed Milk", "description": "This Milk2Go chocolate flavoured milk will redefine your idea of chocolate milk and the amount of deliciousness that can fit inside a bottle. Milk2Go is the right balance of fun and convenience. We are committed to providing nutritious, delicious, Canadian-produced milk with no preservatives. Milk2Go, the perfect on the go snack for everyone. ", "packageSizing": "6x200.0 ml, $565.83/100ml", "pricing": {"price": "6.79", "wasPrice": null, "displayPrice": "$6.79", "memberOnlyPrice": null, "mopDisplayPrice": null, "ehfTotal": null, "environmentalHandlingFee": null, "taxInfo": ""}, "pricingUnits": {"type": "SOLD_BY_EACH", "unit": "ea", "interval": 1, "minOrderQuantity": 1, "maxOrderQuantity": 24, "weighted": false}, "deal": null, "mopDeal": null, "pcoDeal": null, "inventoryIndicator": null, "offerType": "OG", "offerId": "OG", "action": null, "isVariant": false, "link": "/en/1-chocolate-partly-skimmed-milk/p/21065263_EA", "productVendor": null, "productVariant": null, "textBadge": "", "variantTheme": null, "articleNumber": "21065263", "uom": "EA", "sponsoredCreative": null, "isSponsored": false, "isComplementarySponsored": false, "complementarySponsoredBadgeText": null, "productBadge": {"badgeId": "PREPARED_IN_CANADA", "badgeClass": "badge11", "text": "Prepared in Canada", "icon": {"url": "https://dis-prod.assetful.loblaw.ca/content/dam/loblaw-companies-limited/creative-assets/pc-optimum/global-list/maple-leaf-red.png", "altText": "", "placement": "LEFT"}}}}}
{"store": "No Frills", "site_slug": "nofrills", "source_url": "/search?search-bar=milk&page=1", "scrape_ts": "2025-12-20T23:00:11.308018Z", "external_id": "20058742_EA", "name": "0% Microfiltered Milk", "brand": "Neilson", "size_text": "2 l, $0.28/100ml", "price": 5.69, "currency": "CAD", "unit_price": 0.28, "unit_price_uom": "100ml", "image_url": "https://digital.loblaws.ca/PCX/20058742_EA/en/1/20058742_en_front_v1_800.png", "category_path": null, "availability": "in_stock", "raw_source": {"type": "next-data", "data": {"index": 42, "promotions": [], "productId": "20058742_EA", "productImage": [{"imageUrl": "https://digital.loblaws.ca/PCX/20058742_EA/en/1/20058742_en_front_v1_1200.png", "thumbnailUrl": "https://digital.loblaws.ca/PCX/20058742_EA/en/1/20058742_en_front_v1_120.png", "smallUrl": "https://digital.loblaws.ca/PCX/20058742_EA/en/1/20058742_en_front_v1_250.png", "mediumUrl": "https://digital.loblaws.ca/PCX/20058742_EA/en/1/20058742_en_front_v1_400.png", "largeUrl": "https://digital.loblaws.ca/PCX/20058742_EA/en/1/20058742_en_front_v1_800.png", "extraLargeUrl": "https://digital.loblaws.ca/PCX/20058742_EA/en/1/20058742_en_front_v1_1200.png", "smallRetinaUrl": "https://digital.loblaws.ca/PCX/20058742_EA/en/1/20058742_en_front_v1_250.png", "mediumRetinaUrl": "https://digital.loblaws.ca/PCX/20058742_EA/en/1/20058742_en_front_v1_400.png", "largeRetinaUrl": "https://digital.loblaws.ca/PCX/20058742_EA/en/1/20058742_en_front_v1_800.png"}], "brand": "Neilson", "title": "0% Microfiltered Milk", "description": "Fresh, wholesome milk… naturally from Neilson.Since 1893, Neilson has stood for high quality dairy products. Neilson has always been committed to using the best ingredients, people and processes to produce great tasting quality milk you can depend on. Always fresh, always delicious and always an excellent source of calcium, protein and vitamin D.", "packageSizing": "2 l, $0.28/100ml", "pricing": {"price": "5.69", "wasPrice": null, "displayPrice": "$5.69", "memberOnlyPrice": null, "mopDisplayPrice": null, "ehfTotal": null, "environmentalHandlingFee": null, "taxInfo": ""}, "pricingUnits": {"type": "SOLD_BY_EACH", "unit": "ea", "interval": 1, "minOrderQuantity": 1, "maxOrderQuantity": 24, "weighted": false}, "deal": null, "mopDeal": null, "pcoDeal": null, "inventoryIndicator": null, "offerType": "OG", "offerId": "OG", "action": null, "isVariant": false, "link": "/en/0-microfiltered-milk/p/20058742_EA", "productVendor": null, "productVariant": null, "textBadge": "", "variantTheme": null, "articleNumber": "20058742", "uom": "EA", "sponsoredCreative": null, "isSponsored": false, "isComplementarySponsored": false, "complementarySponsoredBadgeText": null, "productBadge": {"badgeId": "PREPARED_IN_CANADA", "badgeClass": "badge11", "text": "Prepared in Canada", "icon": {"url": "https://dis-prod.assetful.loblaw.ca/content/dam/loblaw-companies-limited/creative-assets/pc-optimum/global-list/maple-leaf-red.png", "altText": "", "placement": "LEFT"}}}}}
{"store": "No Frills", "site_slug": "nofrills", "source_url": "/search?search-bar=milk&page=1", "scrape_ts": "2025-12-20T23:00:11.308018Z", "external_id": "21040510_EA", "name": "Evaporated Milk", "brand": "No Name", "size_text": "354 ml, $0.53/100ml", "price": 1.89, "currency": "CAD", "unit_price": 0.53, "unit_price_uom": "100ml", "image_url": "https://digital.loblaws.ca/PCX/21040510_EA/en/1/21040510_en_front_800.png", "category_path": null, "availability": "in_stock", "raw_source": {"type": "next-data", "data": {"index": 43, "promotions": [], "productId": "21040510_EA", "productImage": [{"imageUrl": "https://digital.loblaws.ca/PCX/21040510_EA/en/1/21040510_en_front_1200.png", "thumbnailUrl": "https://digital.loblaws.ca/PCX/21040510_EA/en/1/21040510_en_front_120.png", "smallUrl": "https://digital.loblaws.ca/PCX/21040510_EA/en/1/21040510_en_front_250.png", "mediumUrl": "https://digital.loblaws.ca/PCX/21040510_EA/en/1/21040510_en_front_400.png", "largeUrl": "https://digital.loblaws.ca/PCX/21040510_EA/en/1/21040510_en_front_800.png", "extraLargeUrl": "https://digital.loblaws.ca/PCX/21040510_EA/en/1/21040510_en_front_1200.png", "smallRetinaUrl": "https://digital.loblaws.ca/PCX/21040510_EA/en/1/21040510_en_front_250.png", "mediumRetinaUrl": "https://digital.loblaws.ca/PCX/21040510_EA/en/1/21040510_en_front_400.png", "largeRetinaUrl": "https://digital.loblaws.ca/PCX/21040510_EA/en/1/21040510_en_front_800.png"}], "brand": "No Name", "title": "Evaporated Milk", "description": "<p>Evaporated Milk gives body to smoothies or thickens up your soups and chowders. With vitamins C and D added, it adds creaminess and richness to your favourite meals or dessert recipes.</p><p></p><p>The †Simple Check™ symbol appears on no name® products made without 10 ingredients such as synthetic colours*, artificial flavours and artificial sweeteners. *As defined in Canadian regulations. To learn more visit noname.ca/simplecheck</p>", "packageSizing": "354 ml, $0.53/100ml", "pricing": {"price": "1.89", "wasPrice": null, "displayPrice": "$1.89", "memberOnlyPrice": null, "mopDisplayPrice": null, "ehfTotal": null, "environmentalHandlingFee": null, "taxInfo": ""}, "pricingUnits": {"type": "SOLD_BY_EACH", "unit": "ea", "interval": 1, "minOrderQuantity": 1, "maxOrderQuantity": 24, "weighted": false}, "deal": null, "mopDeal": null, "pcoDeal": null, "inventoryIndicator": null, "offerType": "OG", "offerId": "OG", "action": null, "isVariant": false, "link": "/en/evaporated-milk/p/21040510_EA", "productVendor": null, "productVariant": null, "textBadge": "", "variantTheme": null, "articleNumber": "21040510", "uom": "EA", "sponsoredCreative": null, "isSponsored": false, "isComplementarySponsored": false, "complementarySponsoredBadgeText": null, "productBadge": {"badgeId": "PREPARED_IN_CANADA", "badgeClass": "badge11", "text": "Prepared in Canada", "icon": {"url": "https://dis-prod.assetful.loblaw.ca/content/dam/loblaw-companies-limited/creative-assets/pc-optimum/global-list/maple-leaf-red.png", "altText": "", "placement": "LEFT"}}}}}
{"store": "No Frills", "site_slug": "nofrills", "source_url": "/search?search-bar=milk&page=1", "scrape_ts": "2025-12-20T23:00:11.308018Z", "external_id": "20328231002_EA", "name": "Almond Milk Alternative, Unsweetened, Dairy Free", "brand": "Silk", "size_text": "1.89 l, $0.21/100ml", "price": 4.0, "currency": "CAD", "unit_price": 0.21, "unit_price_uom": "100ml", "image_url": "https://digital.loblaws.ca/PCX/20328231002_EA/en/1/20328231002_en_front_800.png", "category_path": null, "availability": "in_stock", "raw_source": {"type": "next-data", "data": {"index": 44, "promotions": [], "productId": "20328231002_EA", "productImage": [{"imageUrl": "https://digital.loblaws.ca/PCX/20328231002_EA/en/1/20328231002_en_front_1200.png", "thumbnailUrl": "https://digital.loblaws.ca/PCX/20328231002_EA/en/1/20328231002_en_front_120.png", "smallUrl": "https://digital.loblaws.ca/PCX/20328231002_EA/en/1/20328231002_en_front_250.png", "mediumUrl": "https://digital.loblaws.ca/PCX/20328231002_EA/en/1/20328231002_en_front_400.png", "largeUrl": "https://digital.loblaws.ca/PCX/20328231002_EA/en/1/20328231002_en_front_800.png", "extraLargeUrl": "https://digital.loblaws.ca/PCX/20328231002_EA/en/1/20328231002_en_front_1200.png", "smallRetinaUrl": "https://digital.loblaws.ca/PCX/20328231002_EA/en/1/20328231002_en_front_250.png", "mediumRetinaUrl": "https://digital.loblaws.ca/PCX/20328231002_EA/en/1/20328231002_en_front_400.png", "largeRetinaUrl": "https://digital.loblaws.ca/PCX/20328231002_EA/en/1/20328231002_en_front_800.png"}], "brand": "Silk", "title": "Almond Milk Alternative, Unsweetened, Dairy Free", "description": "<p>Oh, yes, it is… a mere 30 calories per serving. Enjoy the goodness of Silk® Zero Sugar Original Almond Beverage for less than half the calories of skim milk. Over cereal, in recipes and more, you won’t miss the sugar, and you’ll be delighted by the taste.*Voted most trusted Almond Plant-Based Beverage by Canadian shoppers based on the 2024 BrandSpark® Canadian Trust Study.</p><ul><li>Vegan</li><li>Dairy free</li><li>Absolutely no cholesterol or saturated fat</li><li>Verified by the Non-GMO Project’s product verification program</li><li>No artificial colours, flavors or funny business</li></ul>", "packageSizing": "1.89 l, $0.21/100ml", "pricing": {"price": "4.00", "wasPrice": null, "displayPrice": "$4.00", "memberOnlyPrice": null, "mopDisplayPrice": null, "ehfTotal": null, "environmentalHandlingFee": null, "taxInfo": ""}, "pricingUnits": {"type": "SOLD_BY_EACH", "unit": "ea", "interval": 1, "minOrderQuantity": 1, "maxOrderQuantity": 24, "weighted": false}, "deal": null, "mopDeal": null, "pcoDeal": null, "inventoryIndicator": null, "offerType": "OG", "offerId": "OG", "action": null, "isVariant": false, "link": "/en/almond-milk-alternative-unsweetened-dairy-free/p/20328231002_EA", "productVendor": null, "productVariant": null, "textBadge": "", "variantTheme": null, "articleNumber": "20328231002", "uom": "EA", "sponsoredCreative": null, "isSponsored": false, "isComplementarySponsored": false, "complementarySponsoredBadgeText": null, "productBadge": {"badgeId": "SUBSCRIBE_EARN", "badgeClass": "badge06", "text": "Subscribe & Earn", "icon": null}}}}
{"store": "No Frills", "site_slug": "nofrills", "source_url": "/search?search-bar=milk&page=1", "scrape_ts": "2025-12-20T23:00:11.308018Z", "external_id": "20107219003_EA", "name": "Almond Breeze, Original", "brand": "Blue Diamond", "size_text": "946 ml, $0.32/100ml", "price": 3.0, "currency": "CAD", "unit_price": 0.32, "unit_price_uom": "100ml", "image_url": "https://digital.loblaws.ca/PCX/20107219003_EA/en/1/4157005272_en_front_centre_marketing_A_1_GS1_Ecommerce_800.png", "category_path": null, "availability": "in_stock", "raw_source": {"type": "next-data", "data": {"index": 45, "promotions": [], "productId": "20107219003_EA", "productImage": [{"imageUrl": "https://digital.loblaws.ca/PCX/20107219003_EA/en/1/4157005272_en_front_centre_marketing_A_1_GS1_Ecommerce_1200.png", "thumbnailUrl": "https://digital.loblaws.ca/PCX/20107219003_EA/en/1/4157005272_en_front_centre_marketing_A_1_GS1_Ecommerce_120.png", "smallUrl": "https://digital.loblaws.ca/PCX/20107219003_EA/en/1/4157005272_en_front_centre_marketing_A_1_GS1_Ecommerce_250.png", "mediumUrl": "https://digital.loblaws.ca/PCX/20107219003_EA/en/1/4157005272_en_front_centre_marketing_A_1_GS1_Ecommerce_400.png", "largeUrl": "https://digital.loblaws.ca/PCX/20107219003_EA/en/1/4157005272_en_front_centre_marketing_A_1_GS1_Ecommerce_800.png", "extraLargeUrl": "https://digital.loblaws.ca/PCX/20107219003_EA/en/1/4157005272_en_front_centre_marketing_A_1_GS1_Ecommerce_1200.png", "smallRetinaUrl": "https://digital.loblaws.ca/PCX/20107219003_EA/en/1/4157005272_en_front_centre_marketing_A_1_GS1_Ecommerce_250.png", "mediumRetinaUrl": "https://digital.loblaws.ca/PCX/20107219003_EA/en/1/4157005272_en_front_centre_marketing_A_1_GS1_Ecommerce_400.png", "largeRetinaUrl": "https://digital.loblaws.ca/PCX/20107219003_EA/en/1/4157005272_en_front_centre_marketing_A_1_GS1_Ecommerce_800.png"}], "brand": "Blue Diamond", "title": "Almond Breeze, Original", "description": "Almond Breeze is a great tasting, no-dairy beverage. It is rich and creamy with a pleasant aftertaste.<br><br>Delicious tasting Almond Brezze.<br><br>Blue Diamond has been producing almonds since 1910. No one knows them, or loves them, like we do. Our 3000 plus growers are dedicated to producing delicious tasting and nutritious almonds for Almond Breeze..<br><br>From the Almond People", "packageSizing": "946 ml, $0.32/100ml", "pricing": {"price": "3.00", "wasPrice": null, "displayPrice": "$3.00", "memberOnlyPrice": null, "mopDisplayPrice": null, "ehfTotal": null, "environmentalHandlingFee": null, "taxInfo": ""}, "pricingUnits": {"type": "SOLD_BY_EACH", "unit": "ea", "interval": 1, "minOrderQuantity": 1, "maxOrderQuantity": 24, "weighted": false}, "deal": null, "mopDeal": null, "pcoDeal": null, "inventoryIndicator": null, "offerType": "OG", "offerId": "OG", "action": null, "isVariant": false, "link": "/en/almond-breeze-original/p/20107219003_EA", "productVendor": null, "productVariant": null, "textBadge": "", "variantTheme": null, "articleNumber": "20107219003", "uom": "EA", "sponsoredCreative": null, "isSponsored": false, "isComplementarySponsored": false, "complementarySponsoredBadgeText": null, "productBadge": {"badgeId": "SUBSCRIBE_EARN", "badgeClass": "badge06", "text": "Subscribe & Earn", "icon": null}}}}
{"store": "No Frills", "site_slug": "nofrills", "source_url": "/search?search-bar=milk&page=1", "scrape_ts": "2025-12-20T23:00:11.308018Z", "external_id": "20107219001_EA", "name": "Almond Breeze, Vanilla", "brand": "Blue Diamond", "size_text": "946 ml, $0.32/100ml", "price": 3.0, "currency": "CAD", "unit_price": 0.32, "unit_price_uom": "100ml", "image_url": "https://digital.loblaws.ca/PCX/20107219001_EA/en/1/4157005273_en_front_centre_marketing_A_1_GS1_Ecommerce_800.png", "category_path": null, "availability": "out_of_stock", "raw_source": {"type": "next-data", "data": {"index": 46, "promotions": [], "productId": "20107219001_EA", "productImage": [{"imageUrl": "https://digital.loblaws.ca/PCX/20107219001_EA/en/1/4157005273_en_front_centre_marketing_A_1_GS1_Ecommerce_1200.png", "thumbnailUrl": "https://digital.loblaws.ca/PCX/20107219001_EA/en/1/4157005273_en_front_centre_marketing_A_1_GS1_Ecommerce_120.png", "smallUrl": "https://digital.loblaws.ca/PCX/20107219001_EA/en/1/4157005273_en_front_centre_marketing_A_1_GS1_Ecommerce_250.png", "mediumUrl": "https://digital.loblaws.ca/PCX/20107219001_EA/en/1/4157005273_en_front_centre_marketing_A_1_GS1_Ecommerce_400.png", "largeUrl": "https://digital.loblaws.ca/PCX/20107219001_EA/en/1/4157005273_en_front_centre_marketing_A_1_GS1_Ecommerce_800.png", "extraLargeUrl": "https://digital.loblaws.ca/PCX/20107219001_EA/en/1/4157005273_en_front_centre_marketing_A_1_GS1_Ecommerce_1200.png", "smallRetinaUrl": "https://digital.loblaws.ca/PCX/20107219001_EA/en/1/4157005273_en_front_centre_marketing_A_1_GS1_Ecommerce_250.png", "mediumRetinaUrl": "https://digital.loblaws.ca/PCX/20107219001_EA/en/1/4157005273_en_front_centre_marketing_A_1_GS1_Ecommerce_400.png", "largeRetinaUrl": "https://digital.loblaws.ca/PCX/20107219001_EA/en/1/4157005273_en_front_centre_marketing_A_1_GS1_Ecommerce_800.png"}], "brand": "Blue Diamond", "title": "Almond Breeze, Vanilla", "description": "Almond Breeze is a great tasting, non-dairy beverage. It is rich and creamy with a pleasant aftertaste.<br><br>Delicious tasting Almond Brezze.<br><br>Blue Diamond has been producing almonds since 1910. No one knows them, or loves them, like we do. Our 3000 plus growers are dedicated to producing delicious tasting and nutritious almonds for Almond Breeze..<br><br>From the Almond People", "packageSizing": "946 ml, $0.32/100ml", "pricing": {"price": "3.00", "wasPrice": null, "displayPrice": "$3.00", "memberOnlyPrice": null, "mopDisplayPrice": null, "ehfTotal": null, "environmentalHandlingFee": null, "taxInfo": ""}, "pricingUnits": {"type": "SOLD_BY_EACH", "unit": "ea", "interval": 1, "minOrderQuantity": 1, "maxOrderQuantity": 24, "weighted": false}, "deal": null, "mopDeal": null, "pcoDeal": null, "inventoryIndicator": {"indicatorId": "OUT", "text": "Out of Stock"}, "offerType": "OG", "offerId": "OG", "action": null, "isVariant": false, "link": "/en/almond-breeze-vanilla/p/20107219001_EA", "productVendor": null, "productVariant": null, "textBadge": "out-of-stock", "variantTheme": null, "articleNumber": "20107219001", "uom": "EA", "sponsoredCreative": null, "isSponsored": false, "isComplementarySponsored": false, "complementarySponsoredBadgeText": null, "productBadge": {"badgeId": "SUBSCRIBE_EARN", "badgeClass": "badge06", "text": "Subscribe & Earn", "icon": null}}}}
{"store": "No Frills", "site_slug": "nofrills", "source_url": "/search?search-bar=milk&page=1", "scrape_ts": "2025-12-20T23:00:11.308018Z", "external_id": "21554369_EA", "name": "2% Protein Milk Beverage", "brand": "Neilson", "size_text": "1.89 l, $0.34/100ml", "price": 6.49, "currency": "CAD", "unit_price": 0.34, "unit_price_uom": "100ml", "image_url": "https://digital.loblaws.ca/PCX/21554369_EA/en/1/21554369_en_front_800.png", "category_path": null, "availability": "in_stock", "raw_source": {"type": "next-data", "data": {"index": 47, "promotions": [], "productId": "21554369_EA", "productImage": [{"imageUrl": "https://digital.loblaws.ca/PCX/21554369_EA/en/1/21554369_en_front_1200.png", "thumbnailUrl": "https://digital.loblaws.ca/PCX/21554369_EA/en/1/21554369_en_front_120.png", "smallUrl": "https://digital.loblaws.ca/PCX/21554369_EA/en/1/21554369_en_front_250.png", "mediumUrl": "https://digital.loblaws.ca/PCX/21554369_EA/en/1/21554369_en_front_400.png", "largeUrl": "https://digital.loblaws.ca/PCX/21554369_EA/en/1/21554369_en_front_800.png", "extraLargeUrl": "https://digital.loblaws.ca/PCX/21554369_EA/en/1/21554369_en_front_1200.png", "smallRetinaUrl": "https://digital.loblaws.ca/PCX/21554369_EA/en/1/21554369_en_front_250.png", "mediumRetinaUrl": "https://digital.loblaws.ca/PCX/21554369_EA/en/1/21554369_en_front_400.png", "largeRetinaUrl": "https://digital.loblaws.ca/PCX/21554369_EA/en/1/21554369_en_front_800.png"}], "brand": "Neilson", "title": "2% Protein Milk Beverage", "description": "Fill up with 18goodnessWait until you taste our Neilson product providing 18 g of protein per 250 mL serving!It is a source of 9 essential nutrients and has no added sugar. It is made with Canadian Milk for a fresh taste! So you can pair it with a sweet treat, guilt-free! Neilson 2% Dairy Protein Beverage provides 18 g of protein (2X more protein than regular milk), is a source of essential nutrients and has no added sugar. It is made with Canadian milk for a fresh taste! Lactose Free.", "packageSizing": "1.89 l, $0.34/100ml", "pricing": {"price": "6.49", "wasPrice": "$6.79", "displayPrice": "$6.49", "memberOnlyPrice": null, "mopDisplayPrice": null, "ehfTotal": null, "environmentalHandlingFee": null, "taxInfo": ""}, "pricingUnits": {"type": "SOLD_BY_EACH", "unit": "ea", "interval": 1, "minOrderQuantity": 1, "maxOrderQuantity": 24, "weighted": false}, "deal": {"type": "SALE", "text": "SAVE $0.30", "points": 0, "name": "SALE", "expiryDate": "2025-12-31T00:00:00Z", "dealPrice": null}, "mopDeal": null, "pcoDeal": null, "inventoryIndicator": null, "offerType": "OG", "offerId": "OG", "action": null, "isVariant": false, "link": "/en/2-protein-milk-beverage/p/21554369_EA", "productVendor": null, "productVariant": null, "textBadge": "", "variantTheme": null, "articleNumber": "21554369", "uom": "EA", "sponsoredCreative": null, "isSponsored": false, "isComplementarySponsored": false, "complementarySponsoredBadgeText": null, "productBadge": {"badgeId": "PREPARED_IN_CANADA", "badgeClass": "badge11", "text": "Prepared in Canada", "icon": {"url": "https://dis-prod.assetful.loblaw.ca/content/dam/loblaw-companies-limited/creative-assets/pc-optimum/global-list/maple-leaf-red.png", "altText": "", "placement": "LEFT"}}}}}
{"store": "No Frills", "site_slug": "nofrills", "source_url": "/search?search-bar=milk&page=1", "scrape_ts": "2025-12-20T23:00:11.308018Z", "external_id": "20328231004_EA", "name": "Almond Milk Alternative, Unsweetened Vanilla, Dairy Free", "brand": "Silk", "size_text": "1.89 l, $0.21/100ml", "price": 4.0, "currency": "CAD", "unit_price": 0.21, "unit_price_uom": "100ml", "image_url": "https://digital.loblaws.ca/PCX/20328231004_EA/en/1/20328231004_en_front_v2_800.png", "category_path": null, "availability": "in_stock", "raw_source": {"type": "next-data", "data": {"index": 48, "promotions": [], "productId": "20328231004_EA", "productImage": [{"imageUrl": "https://digital.loblaws.ca/PCX/20328231004_EA/en/1/20328231004_en_front_v2_1200.png", "thumbnailUrl": "https://digital.loblaws.ca/PCX/20328231004_EA/en/1/20328231004_en_front_v2_120.png", "smallUrl": "https://digital.loblaws.ca/PCX/20328231004_EA/en/1/20328231004_en_front_v2_250.png", "mediumUrl": "https://digital.loblaws.ca/PCX/20328231004_EA/en/1/20328231004_en_front_v2_400.png", "largeUrl": "https://digital.loblaws.ca/PCX/20328231004_EA/en/1/20328231004_en_front_v2_800.png", "extraLargeUrl": "https://digital.loblaws.ca/PCX/20328231004_EA/en/1/20328231004_en_front_v2_1200.png", "smallRetinaUrl": "https://digital.loblaws.ca/PCX/20328231004_EA/en/1/20328231004_en_front_v2_250.png", "mediumRetinaUrl": "https://digital.loblaws.ca/PCX/20328231004_EA/en/1/20328231004_en_front_v2_400.png", "largeRetinaUrl": "https://digital.loblaws.ca/PCX/20328231004_EA/en/1/20328231004_en_front_v2_800.png"}], "brand": "Silk", "title": "Almond Milk Alternative, Unsweetened Vanilla, Dairy Free", "description": "<p>Oh, yes, it is… a mere 30 calories per serving. Enjoy the goodness of Silk® Unsweetened Vanilla Almond Beverage for less than half the calories of skim milk. Kissed with just a hint of vanilla, it’s perfect over cereal, in recipes and more. You won’t miss the sugar, and you’ll be delighted by the taste.*Voted most trusted Almond Plant-Based Beverage by Canadian shoppers based on the 2024 BrandSpark® Canadian Trust Study.</p><ul><li>Vegan</li><li>Dairy free</li><li>Absolutely no cholesterol or saturated fat</li><li>Verified by the Non-GMO Project’s product verification program</li><li>No artificial colours, flavors or funny business</li></ul>", "packageSizing": "1.89 l, $0.21/100ml", "pricing": {"price": "4.00", "wasPrice": null, "displayPrice": "$4.00", "memberOnlyPrice": null, "mopDisplayPrice": null, "ehfTotal": null, "environmentalHandlingFee": null, "taxInfo": ""}, "pricingUnits": {"type": "SOLD_BY_EACH", "unit": "ea", "interval": 1, "minOrderQuantity": 1, "maxOrderQuantity": 24, "weighted": false}, "deal": null, "mopDeal": null, "pcoDeal": null, "inventoryIndicator": null, "offerType": "OG", "offerId": "OG", "action": null, "isVariant": false, "link": "/en/almond-milk-alternative-unsweetened-vanilla-dairy/p/20328231004_EA", "productVendor": null, "productVariant": null, "textBadge": "", "variantTheme": null, "articleNumber": "20328231004", "uom": "EA", "sponsoredCreative": null, "isSponsored": false, "isComplementarySponsored": false, "complementarySponsoredBadgeText": null, "productBadge": {"badgeId": "SUBSCRIBE_EARN", "badgeClass": "badge06", "text": "Subscribe & Earn", "icon": null}}}}
{"store": "No Frills", "site_slug": "nofrills", "source_url": "/search?search-bar=milk&page=1", "scrape_ts": "2025-12-20T23:00:11.308018Z", "external_id": "21492005_EA", "name": "Partly Skimmed Milk 2% M.F.", "brand": "Rolling Meadow", "size_text": "4 l, $0.30/100ml", "price": 11.99, "currency": "CAD", "unit_price": 0.3, "unit_price_uom": "100ml", "image_url": "https://digital.loblaws.ca/PCX/21492005_EA/en/1/83814300159_enfr_front_centre_marketing_GS1_Ecommerce_800.png", "category_path": null, "availability": "in_stock", "raw_source": {"type": "next-data", "data": {"index": 49, "promotions": [], "productId": "21492005_EA", "productImage": [{"imageUrl": "https://digital.loblaws.ca/PCX/21492005_EA/en/1/83814300159_enfr_front_centre_marketing_GS1_Ecommerce_1200.png", "thumbnailUrl": "https://digital.loblaws.ca/PCX/21492005_EA/en/1/83814300159_enfr_front_centre_marketing_GS1_Ecommerce_120.png", "smallUrl": "https://digital.loblaws.ca/PCX/21492005_EA/en/1/83814300159_enfr_front_centre_marketing_GS1_Ecommerce_250.png", "mediumUrl": "https://digital.loblaws.ca/PCX/21492005_EA/en/1/83814300159_enfr_front_centre_marketing_GS1_Ecommerce_400.png", "largeUrl": "https://digital.loblaws.ca/PCX/21492005_EA/en/1/83814300159_enfr_front_centre_marketing_GS1_Ecommerce_800.png", "extraLargeUrl": "https://digital.loblaws.ca/PCX/21492005_EA/en/1/83814300159_enfr_front_centre_marketing_GS1_Ecommerce_1200.png", "smallRetinaUrl": "https://digital.loblaws.ca/PCX/21492005_EA/en/1/83814300159_enfr_front_centre_marketing_GS1_Ecommerce_250.png", "mediumRetinaUrl": "https://digital.loblaws.ca/PCX/21492005_EA/en/1/83814300159_enfr_front_centre_marketing_GS1_Ecommerce_400.png", "largeRetinaUrl": "https://digital.loblaws.ca/PCX/21492005_EA/en/1/83814300159_enfr_front_centre_marketing_GS1_Ecommerce_800.png"}], "brand": "Rolling Meadow", "title": "Partly Skimmed Milk 2% M.F.", "description": null, "packageSizing": "4 l, $0.30/100ml", "pricing": {"price": "11.99", "wasPrice": null, "displayPrice": "$11.99", "memberOnlyPrice": null, "mopDisplayPrice": null, "ehfTotal": null, "environmentalHandlingFee": null, "taxInfo": ""}, "pricingUnits": {"type": "SOLD_BY_EACH", "unit": "ea", "interval": 1, "minOrderQuantity": 1, "maxOrderQuantity": 24, "weighted": false}, "deal": null, "mopDeal": null, "pcoDeal": null, "inventoryIndicator": null, "offerType": "OG", "offerId": "OG", "action": null, "isVariant": false, "link": "/en/partly-skimmed-milk-2-m-f/p/21492005_EA", "productVendor": null, "productVariant": null, "textBadge": "", "variantTheme": null, "articleNumber": "21492005", "uom": "EA", "sponsoredCreative": null, "isSponsored": false, "isComplementarySponsored": false, "complementarySponsoredBadgeText": null, "productBadge": {"badgeId": "PREPARED_IN_CANADA", "badgeClass": "badge11", "text": "Prepared in Canada", "icon": {"url": "https://dis-prod.assetful.loblaw.ca/content/dam/loblaw-companies-limited/creative-assets/pc-optimum/global-list/maple-leaf-red.png", "altText": "", "placement": "LEFT"}}}}}
{"store": "No Frills", "site_slug": "nofrills", "source_url": "/search?search-bar=milk&page=1", "scrape_ts": "2025-12-20T23:00:11.308018Z", "external_id": "20315090001_EA", "name": "Almond Milk Alternative, Original, Dairy Free", "brand": "Silk", "size_text": "1.89 l, $0.21/100ml", "price": 4.0, "currency": "CAD", "unit_price": 0.21, "unit_price_uom": "100ml", "image_url": "https://digital.loblaws.ca/PCX/20315090001_EA/en/1/20315090001_en_front_v1_800.png", "category_path": null, "availability": "in_stock", "raw_source": {"type": "next-data", "data": {"index": 50, "promotions": [], "productId": "20315090001_EA", "productImage": [{"imageUrl": "https://digital.loblaws.ca/PCX/20315090001_EA/en/1/20315090001_en_front_v1_1200.png", "thumbnailUrl": "https://digital.loblaws.ca/PCX/20315090001_EA/en/1/20315090001_en_front_v1_120.png", "smallUrl": "https://digital.loblaws.ca/PCX/20315090001_EA/en/1/20315090001_en_front_v1_250.png", "mediumUrl": "https://digital.loblaws.ca/PCX/20315090001_EA/en/1/20315090001_en_front_v1_400.png", "largeUrl": "https://digital.loblaws.ca/PCX/20315090001_EA/en/1/20315090001_en_front_v1_800.png", "extraLargeUrl": "https://digital.loblaws.ca/PCX/20315090001_EA/en/1/20315090001_en_front_v1_1200.png", "smallRetinaUrl": "https://digital.loblaws.ca/PCX/20315090001_EA/en/1/20315090001_en_front_v1_250.png", "mediumRetinaUrl": "https://digital.loblaws.ca/PCX/20315090001_EA/en/1/20315090001_en_front_v1_400.png", "largeRetinaUrl": "https://digital.loblaws.ca/PCX/20315090001_EA/en/1/20315090001_en_front_v1_800.png"}], "brand": "Silk", "title": "Almond Milk Alternative, Original, Dairy Free", "description": "<p>How will you enjoy the smooth taste of Silk® Original Almond Beverage? Probably with a great big smile on your face! At a sensible 60 calories a serving, it’s delicious over cereal, in coffee, as part of a favourite recipe or served straight up in a glass.*Voted most trusted Almond Plant-Based Beverage by Canadian shoppers based on the 2024 BrandSpark® Canadian Trust Study.</p><ul><li>Vegan</li><li>Dairy free</li><li>Absolutely no cholesterol or saturated fat</li><li>Verified by the Non-GMO Project’s product verification program</li><li>No artificial colours, flavors or funny business</li></ul>", "packageSizing": "1.89 l, $0.21/100ml", "pricing": {"price": "4.00", "wasPrice": null, "displayPrice": "$4.00", "memberOnlyPrice": null, "mopDisplayPrice": null, "ehfTotal": null, "environmentalHandlingFee": null, "taxInfo": ""}, "pricingUnits": {"type": "SOLD_BY_EACH", "unit": "ea", "interval": 1, "minOrderQuantity": 1, "maxOrderQuantity": 24, "weighted": false}, "deal": null, "mopDeal": null, "pcoDeal": null, "inventoryIndicator": null, "offerType": "OG", "offerId": "OG", "action": null, "isVariant": false, "link": "/en/almond-milk-alternative-original-dairy-free/p/20315090001_EA", "productVendor": null, "productVariant": null, "textBadge": "", "variantTheme": null, "articleNumber": "20315090001", "uom": "EA", "sponsoredCreative": null, "isSponsored": false, "isComplementarySponsored": false, "complementarySponsoredBadgeText": null, "productBadge": {"badgeId": "SUBSCRIBE_EARN", "badgeClass": "badge06", "text": "Subscribe & Earn", "icon": null}}}}
